2476 3782
385 278 416 311 X

387 422 430 460 in
462 422 557 471 ipsa
592 419 855 472 praefatione
887 421 1070 472 catalogi
1117 422 1281 473 collegii
1326 422 1506 474 angelici
1551 426 1696 475 aperte
1742 423 2018 472 suadebatur,
2067 427 2115 463 ut
2158 424 2251 464 libri

389 489 714 529 membranacei
744 493 912 528 veteres
947 490 1178 541 illegibiles,
1202 494 1417 543 quatenus
1444 494 1618 532 minime
1640 495 1931 541 convenirent,
1963 492 2253 533 venderentur

389 561 433 598 et
463 569 540 610 pro
572 560 623 598 iis
653 561 756 598 novi
791 562 833 598 et
862 559 1051 598 utiliores
1083 564 1336 601 emerentur.
1384 560 1507 613 Quae
1550 572 1649 600 cum
1691 564 1748 601 ita
1789 564 1885 610 sint,
1929 564 1972 602 in
2012 562 2120 601 alios
2164 573 2253 602 non

391 626 699 678 inquirendum
732 627 811 666 sed
842 629 1170 668 assentiendum
1202 633 1269 669 est
1298 630 1546 670 venerando
1587 630 1779 680 Balbino,
1821 634 1893 683 qui
1937 633 2257 683 »manuscripta

390 696 558 747 collegii
596 694 850 736 Clementini
881 698 1153 738 accumulata
1192 710 1291 739 esse
1324 711 1379 739 ex
1410 699 1679 739 diversarum
1721 700 2074 740 bibliothecarum
2107 702 2253 749 ruinis,

393 767 669 816 potissimum
705 776 762 804 ex
792 767 1082 806 universitatis
1114 766 1337 808 Carolinae
1383 768 1664 808 bibliotheca«
1709 766 2003 820 asseverat.¹⁷)
2061 769 2116 809 Et
2158 779 2254 821 pro-

399 833 512 873 fecto
543 836 712 873 iustum
744 837 962 874 ruinarum
993 846 1153 875 nomen
1185 839 1391 888 imposuit
1420 838 1605 889 reliquiis
1637 839 1799 888 pristini
1829 840 2021 889 inprimis
2053 838 2254 878 codicum

392 903 597 951 thesauri,
647 914 758 954 quas
804 902 993 943 Jesuitae
1044 903 1298 945 Clementini
1344 918 1383 946 a.
1434 905 1541 946 1622
1573 918 1599 945 a
1630 906 1863 958 collegiatis
1908 910 2166 959 acceperant
2210 910 2252 947 et

388 974 594 1011 societate
647 972 807 1011 abolita
837 984 875 1013 a.
914 972 1022 1013 1773
1074 973 1355 1014 bibliothecae
1407 978 1581 1015 nostrae
1630 975 1902 1015 tradiderunt.
1964 975 2252 1017 Tradiderunt

389 1043 535 1080 autem
586 1041 714 1080 nobis
764 1043 942 1093 insuper
990 1042 1165 1082 codices
1215 1044 1386 1083 aliunde
1433 1047 1726 1095 comparatos,
1756 1047 1800 1084 in
1831 1045 1899 1085 his
1946 1048 2175 1097 praecipue
2206 1057 2243 1085 a.

390 1109 673 1150 1556-1560
704 1121 758 1150 ex
809 1111 982 1151 deserto
1034 1110 1375 1152 Caelestinorum
1423 1116 1686 1152 monasterio
1733 1112 2014 1165 Ojvinensiffl)
2060 1114 2241 1159 ablatos,

382 1181 483 1218 item
517 1180 750 1219 nonnullos
782 1182 889 1229 (non
921 1192 1088 1230 omnes,
1131 1181 1182 1221 cf.
1216 1181 1398 1221 Hanslik
1430 1183 1454 1221 l.
1487 1194 1523 1222 c.
1567 1181 1654 1231 69),
1701 1194 1813 1234 quos
1860 1186 1965 1223 socii
2012 1186 2094 1234 ipsi
2139 1194 2241 1223 con-

382 1251 658 1299 scripserant.

522 1329 606 1381 Qui
637 1330 815 1370 codices
848 1328 1074 1380 omnes¹⁹),
1108 1342 1219 1382 quos
1252 1343 1306 1370 ex
1328 1330 1372 1371 S.
1404 1331 1438 1371 J.
1462 1332 1643 1382 collegio
1677 1330 1945 1372 Clementino
1976 1336 2240 1385 accepimus,

384 1401 609 1449 perscripti
641 1405 747 1438 sunt
776 1402 819 1438 in
851 1400 1000 1439 codice
1033 1403 1215 1451 catalogi
1246 1403 1381 1440 nostri
1418 1400 1526 1441 1685
1558 1402 1640 1441 sub
1673 1402 1813 1442 titulo:
1866 1400 2077 1442 »Codices
2109 1414 2243 1442 manu

385 1469 529 1518 scripti
579 1470 622 1507 in
653 1479 688 1508 c.
722 1479 754 1507 r.
788 1469 1046 1508 bibliotheca
1097 1469 1257 1520 Pragae
1308 1470 1364 1509 ad
1406 1481 1439 1510 s.
1483 1469 1751 1511 Clementem
1802 1475 2039 1512 exstantes
2092 1470 2239 1513 1781.‹'‹

381 1535 494 1575 Huic
526 1539 792 1588 inscriptioni
822 1537 857 1578 J.
889 1535 1058 1587 Hamus,
1105 1539 1387 1579 bibliothecae
1419 1544 1593 1579 nostrae
1626 1541 1725 1580 olim
1758 1541 2015 1592 praefectus,
2063 1552 2243 1581 cerussa

381 1605 567 1645 addidit:
637 1605 783 1645 »Nach
823 1607 1058 1646 iibername
1097 1607 1173 1646 der
1213 1608 1449 1648 bibliothek
1490 1620 1592 1648 vom
1634 1609 1970 1662 Jesuitencolleg
2009 1613 2085 1650 mit
2128 1611 2242 1650 alten

381 1676 674 1725 signaturem,
722 1676 839 1727 quod
871 1675 1212 1716 additamentum
1245 1678 1493 1728 ambiguum
1537 1682 1615 1718 est.
1676 1677 1787 1718 Nam
1829 1665 2089 1730 signaturae‚
2131 1684 2241 1731 quas

379 1743 449 1783 hic
481 1745 704 1795 catalogus
737 1745 921 1792 exhibet,
969 1756 1057 1784 non
1089 1757 1114 1784 a
1144 1746 1362 1785 veteribus
1409 1745 1453 1786 S.
1486 1746 1519 1786 J.
1568 1748 1759 1798 patribus
1803 1750 2008 1804 originem
2055 1748 2240 1797 trahunt,

382 1813 461 1851 sed
493 1813 789 1853 attribuendae
824 1817 926 1853 sunt
957 1814 1128 1853 cuidam
1162 1814 1345 1863 officiali,
1395 1818 1466 1867 qui
1508 1817 1684 1856 codices
1730 1815 2026 1857 Clementinos
2072 1821 2172 1869 post
2201 1829 2238 1857 a.

386 1881 496 1921 1770
527 1882 795 1922 ordinandos
827 1886 868 1922 et
899 1883 1212 1923 describendos
1245 1888 1451 1935 suscepit.
1494 1885 1590 1925 Hoc
1622 1886 1841 1926 declarant
1881 1889 2127 1937 signaturae
2169 1898 2240 1927 co-

382 1950 527 1990 dicum
559 1954 603 1991 in
635 1952 751 1991 libris
784 1952 1090 1991 vetustioribus
1133 1957 1410 1993 occurrentes
1456 1957 1541 2003 (ex.
1584 1967 1647 2006 gr.¹
1677 1959 1719 1995 in
1751 1955 1940 1996 Dobneri
1986 1954 2103 1996 Mon.
2137 1955 2171 1995 II
2201 1967 2238 1995 a.

385 2019 493 2060 1768
525 2032 564 2071 p.
599 2020 677 2068 61;
709 2023 752 2060 in
782 2020 940 2073 Voigtii
972 2022 1092 2061 Actis
1124 2022 1179 2061 lit.
1212 2022 1227 2061 I
1258 2034 1297 2061 a.
1334 2022 1441 2062 1775
1473 2036 1513 2074 p.
1546 2023 1660 2075 230),
1710 2037 1821 2077 quae
1864 2036 1963 2064 cum
2007 2026 2240 2075 signaturis

378 2090 563 2140 catalogi
593 2101 630 2130 a.
670 2090 771 2130 1781
809 2093 1040 2142 conscripti
1071 2094 1248 2130 omnino
1281 2092 1539 2143 discrepant.
1602 2093 1713 2135 Cum
1755 2098 1900 2134 autem
1941 2097 1984 2134 in
2025 2094 2088 2136 III.
2121 2098 2240 2146 parte

382 2157 429 2197 B.
462 2157 627 2198 Balbini
672 2159 779 2200 Boh.
827 2160 981 2199 doctae
1012 2172 1038 2198 a
1069 2159 1116 2200 C.
1149 2159 1195 2198 R.
1228 2159 1379 2211 Ungar
1408 2174 1444 2202 a.
1484 2163 1593 2203 1780
1639 2164 1777 2203 editae
1824 2168 2052 2204 occurrant
2097 2167 2241 2216 signa-

379 2229 499 2266 turae
532 2238 632 2267 cum
666 2229 749 2267 hoc
781 2229 978 2279 catalogo
1010 2240 1190 2280 prorsus
1212 2235 1515 2281 congruentes,
1539 2232 1718 2271 easdem
1742 2233 1966 2272 codicibus
1998 2234 2240 2285 adscriptas

379 2306 481 2334 esse
513 2308 551 2336 a.
590 2296 873 2338 1770-1780
903 2298 1020 2337 haud
1052 2300 1244 2349 ineptum
1277 2303 1344 2338 est
1375 2300 1582 2351 colligere.
1618 2300 1740 2352 Quas
1772 2301 2061 2353 adscripsisse
2095 2306 2138 2342 et
2167 2306 2240 2342 coss

523 2420 572 2471 17)
603 2426 647 2465 Β.
679 2426 832 2463 Balbini
862 2427 959 2464 Boh.
1008 2428 1124 2464 docta
1155 2428 1213 2464 ed.
1246 2427 1380 2472 Ungar
1409 2427 1472 2472 ΙΙΙ,
1520 2429 1587 2466 70.
1650 2428 1763 2476 Quod
1796 2440 1884 2466 vero
1930 2441 2079 2477 paucos
2118 2431 2240 2468 libros

380 2487 475 2519 tunc
507 2485 547 2519 in
580 2483 762 2520 Carolino
794 2484 1030 2531 superfuisse
1063 2485 1156 2521 dicit
1188 2485 1347 2528 (ibidem
1379 2486 1464 2532 73),
1498 2497 1577 2522 non
1610 2488 1658 2522 ad
1690 2488 1849 2523 verbum
1880 2489 1994 2525 debet
2024 2490 2161 2535 accipi.

522 2547 572 2599 {8)
604 2552 778 2600 Quorum
808 2554 1080 2600 inscriptiones
1117 2564 1190 2590 »ex
1212 2553 1364 2599 Owyn«
1400 2559 1620 2601 supersunt,
1642 2556 1752 2592 latini
1783 2560 1876 2592 sunt
1908 2557 1961 2593 24
1983 2556 2051 2604 (cf,
2072 2558 2240 2594 indicem

378 2610 511 2656 infra).
571 2610 796 2656 Nuperrime
827 2612 886 2647 vir
915 2612 1224 2648 humanissimus
1255 2610 1310 2648 M.
1342 2611 1387 2648 Ο.
1421 2611 1590 2659 Sauppe,
1636 2613 1831 2659 parochus
1872 2613 2238 2661 Liickendorfensis,

379 2669 478 2703 duas
509 2668 696 2704 librorum
726 2669 880 2704 tabulas
913 2669 1072 2706 comiter
1103 2679 1253 2705 mecum
1285 2670 1599 2714 communicavit,
1641 2681 1740 2717 quos
1773 2682 1807 2708 a.
1846 2671 1951 2708 1556
1983 2671 2023 2709 Ρ.
2055 2673 2239 2709 canisius

382 2736 431 2760 ex
463 2727 699 2761 monasterio
732 2725 932 2771 Ojvinensi
963 2726 1125 2772 Pragam
1166 2729 1384 2764 devexerat.
1446 2727 1549 2763 Libri
1589 2729 1630 2764 in
1670 2728 1718 2764 iis
1749 2729 1894 2764 tabulis
1935 2730 2108 2766 denotati
2149 2733 2240 2766 sunt

377 2783 528 2819 circiter
560 2784 654 2827 280,
687 2786 755 2819 sed
786 2788 864 2819 tam
896 2784 1148 2830 indilegenter
1177 2789 1214 2820 et
1244 2783 1371 2830 inepte
1402 2785 1595 2831 descripti,
1628 2790 1670 2821 ut
1700 2795 1749 2821 ne
1778 2797 1898 2822 unum
1931 2789 2087 2833 quidem
2113 2798 2162 2823 ex
2185 2787 2238 2823 24

377 2842 522 2876 nostris
562 2841 765 2877 codicibus
806 2841 859 2877 ibi
900 2842 1134 2888 agnoverim.
1195 2842 1250 2877 De
1281 2843 1393 2878 tertia
1432 2842 1618 2879 librorum
1649 2853 1698 2878 ex
1726 2842 1867 2888 OJ'vino
1907 2848 2078 2889 vectura,
2121 2855 2239 2892 quam

379 2909 412 2935 a.
451 2897 557 2935 1560
590 2898 628 2937 P.
653 2898 850 2934 Hurtadus
883 2899 995 2935 Perez
1026 2899 1247 2945 perfecerat,
1282 2910 1406 2946 neque
1438 2899 1594 2946 Sauppe
1617 2900 1828 2947 quidquam
1854 2903 2004 2948 accepit
2019 2913 2144 2949 neque
2165 2913 2237 2949 ego

382 2956 501 2991 didici
531 2960 680 3002 praeter
710 2957 763 3002 id,
795 2958 899 3002 quod
930 2956 1097 2992 Hanslik
1130 2957 1239 2992 refert
1271 2957 1311 3002 (1.
1346 2967 1379 2994 e.
1412 2957 1498 3003 44).

524 3018 572 3073 ¹9)
603 3024 704 3061 Data
735 3026 943 3062 occasione
973 3027 1035 3061 hic
1067 3028 1448 3063 commemorandam
1491 3037 1577 3063 esse
1609 3032 1703 3073 puto
1735 3028 1871 3063 seriem
1903 3028 2083 3064 codicum
2114 3029 2238 3066 histo-

379 3083 546 3117 ricorum
593 3083 851 3118 bibliothecae
884 3083 1161 3130 clementinae,
1208 3094 1326 3130 quam
1357 3084 1596 3120 clarissimus
1628 3087 1685 3121 vir
1714 3084 1753 3122 F.
1788 3084 1841 3122 M.
1873 3084 1997 3121 Pelzel
2028 3088 2132 3132 operi
2164 3097 2236 3123 suo

383 3139 681 3185 »Kurzgefasste
713 3139 853 3178 Gesch.
896 3143 933 3178 d.
965 3141 1165 3177 Bohmen«
1201 3141 1229 3185 I,
1272 3141 1368 3186 Prag
1404 3141 1511 3179 1774
1541 3154 1578 3188 p.
1613 3142 1694 3178 654
1737 3143 1888 3179 adiecit.
1948 3142 1991 3178 In
2023 3155 2099 3190 qua
2140 3146 2236 3180 serie

378 3199 560 3242 perpauci
601 3199 756 3233 codices
805 3202 895 3234 sunt
941 3199 1150 3244 signaturis
1197 3203 1384 3239 carentes.
1432 3204 1602 3236 attamen
1647 3200 1838 3245 nonnulli,
1884 3201 1949 3247 qui
1990 3212 2095 3238 nunc
2135 3202 2237 3238 desi-

377 3255 572 3292 derantur.
1676 3272 1679 3275 “
