2476 3782
1272 296 1350 336 153

518 432 543 472 f.
583 428 849 472 189b—-l94b
882 432 1132 473 Orationes
1165 434 1379 486 quaedam
1403 437 1449 474 et
1474 433 1697 485 epistolae
1719 433 1884 482 (Oratio
1908 435 1960 474 de
1983 438 2243 485 praestantia

374 492 570 537 iustitiae,
604 490 652 529 in
685 490 846 530 funere
888 489 1112 531 Ludovici
1152 491 1398 541 Bentivoli,
1441 493 1622 543 epistola
1653 491 1708 531 ad
1741 503 1898 543 papam
1931 492 1985 531 de
2016 492 2241 532 virtutibus

375 547 587 587 Laurentii
621 547 674 587 de
705 547 885 588 Justinis
917 548 971 587 de
1003 551 1172 589 civitate
1205 548 1391 598 Castelli‚
1434 552 1535 589 item
1566 550 1622 589 ad
1653 548 1878 589 Nicolaum
1912 549 1965 589 de
1988 548 2240 601 Capranica‚

375 608 509 645 oratio
542 605 758 657 quaedam
790 606 846 645 ad
879 607 1118 654 consules).

517 662 543 701 f.
582 662 660 702 195
700 662 837 703 Notae
876 666 1033 713 variae,
1075 675 1257 716 quarum
1296 676 1396 716 pars
1440 666 1659 704 concernit
1699 664 1911 704 librariam
1944 664 2124 704 alicuius
2156 665 2241 704 col-

373 721 468 770 legii
501 720 620 772 Prag.

517 778 543 816 f.
583 777 849 818 1962—2012
880 778 934 818 A.
967 778 1025 819 M.
1057 778 1103 819 T.
1135 779 1347 819 Severini
1377 779 1557 820 Boethii
1589 779 1654 819 De
1687 780 1826 820 modo
1846 779 2172 830 progrediendi
2192 779 2242 819 in

374 834 594 875 discendo
627 839 673 875 et
712 836 919 876 docendo
961 836 1096 888 (alias
1136 836 1384 887 Speculum
1416 837 1731 889 scholarium).
1765 859 1818 866 -—-
1852 836 1975 888 Opus
2009 839 2241 888 suppositi-

375 895 478 932 tium
509 917 567 921 -
587 905 686 933 cum
710 897 823 933 notis
846 895 1067 946 permultis
1085 895 1405 946 marginalibus.
1427 894 1608 934 »Vestra
1629 897 1748 934 novit
1768 897 1979 934 intencio«
2002 896 2044 932 ><
2067 895 2239 935 »ultima

375 955 519 990 tamen
551 951 660 990 alius
693 954 861 1002 saporis
893 955 1218 1004 inquinamenta
1250 953 1576 1003 permanebunt.
1626 952 1720 992 Deo
1751 955 1933 1004 gracias.
1967 952 2132 992 Finitus
2163 956 2231 992 est

374 1009 442 1048 hic
484 1009 588 1048 liber
632 1021 669 1048 a.
726 1009 833 1049 1462
875 1010 949 1050 fer.
1007 1009 1062 1050 VI
1109 1021 1281 1060 magna,
1328 1010 1432 1049 feria
1476 1010 1510 1050 II
1555 1014 1699 1049 autem
1757 1010 1952 1049 eiusdem
2000 1013 2240 1061 septimane

375 1065 555 1105 effectus
586 1069 670 1116 (sic
702 1078 779 1118 pro
811 1071 1008 1117 evectus)
1041 1067 1100 1107 fui
1132 1071 1173 1107 in
1206 1070 1459 1118 magistrum
1494 1068 1576 1106 sub
1609 1071 1772 1107 rectore
1803 1070 2094 1107 universitatis
2126 1078 2241 1118 mag.

374 1123 573 1164 johanne
616 1124 669 1164 de
701 1125 838 1176 Praga
879 1129 921 1165 et
950 1128 992 1165 in
1025 1126 1156 1165 robur
1186 1126 1315 1164 huius
1348 1126 1652 1176 complementi
1693 1126 2009 1165 illustrissimus
2041 1128 2241 1176 princeps

375 1181 622 1221 Victorinus
655 1182 745 1222 dux
774 1182 1183 1234 Minsterbergensis
1230 1194 1380 1222 comes
1412 1182 1558 1222 Glacie
1591 1185 1844 1234 capitaneus
1874 1182 2066 1222 Moravie
2112 1183 2152 1222 d.
2201 1186 2243 1222 et

377 1239 416 1278 d.
451 1240 503 1278 de
536 1239 775 1280 Podiebrad
807 1241 907 1280 fecit
937 1242 1162 1292 solempne
1194 1241 1422 1291 prandium
1464 1241 1697 1291 collegiatis
1740 1239 1919 1280 Caroli«
1954 1239 2019 1289 (Si
2051 1241 2240 1280 contule-

377 1299 510 1336 rimus
557 1298 613 1346 id,
671 1299 789 1349 quod
844 1299 900 1337 ad
957 1299 1144 1338 eundem
1198 1309 1361 1338 annum
1418 1298 1544 1337 refert
1589 1298 1713 1337 Liber
1758 1298 2023 1337 decanorum
2078 1297 2124 1347 ΙΙ,
2172 1297 2240 1346 79,

376 1366 670 1405 agnoscemus
718 1356 904 1395 scribam
944 1356 1004 1396 M.
1044 1356 1378 1396 Wenceslaum
1424 1356 1479 1395 de
1521 1355 1758 1405 Chrudim‚
1800 1368 1826 1395 a
1857 1367 1943 1407 quo
1975 1358 2102 1395 etiam
2134 1356 2240 1395 aliae

379 1417 522 1463 partes
555 1413 719 1452 codicis
751 1416 886 1453 nostri
919 1417 1103 1465 scriptae
1135 1425 1235 1453 esse
1266 1413 1495 1461 videntur).

521 1470 547 1509 f.
581 1468 742 1523 2015&
773 1471 977 1511 Senecae
1009 1472 1066 1511 ad
1096 1471 1325 1511 Lucilium
1356 1471 1579 1521 epistolae
1609 1470 1648 1510 11
1679 1474 1725 1511 et
1754 1470 1867 1511 VIII.

520 1528 547 1567 f.
580 1524 852 1568 20221·—2O4b
904 1529 1109 1580 (Martini
1155 1528 1417 1580 cuiusdam)
1457 1528 1697 1569 Tractatus
1730 1529 1785 1568 de
1826 1529 1964 1579 modo
1995 1526 2245 1568 artificioso

377 1586 614 1636 studendi,
647 1586 933 1638 intelligendi
965 1590 1011 1627 et
1042 1587 1343 1627 memorandi.
1386 1586 1615 1637 »Magnam
1649 1586 1876 1626 cuiuslibet
1905 1588 2007 1625 artis
2022 1588 2109 1625 vim
2127 1596 2243 1625 com-

377 1647 498 1694 parat
541 1644 784 1683 artifex«><
806 1648 877 1684 »ut
916 1645 1034 1697 quod
1082 1648 1229 1684 nostre
1273 1645 1396 1684 beate
1444 1647 1672 1684 minoravit
1718 1647 1952 1692 societatis,
1999 1644 2246 1694 adaugeant

379 1712 618 1751 paucorum
652 1703 786 1742 multa
817 1706 989 1753 ingenia
1021 1705 1219 1754 preciosa
1250 1703 1306 1742 ad
1337 1702 1562 1751 honorem,
1594 1705 1666 1754 qui
1698 1713 1871 1753 semper
1900 1704 2004 1741 vivit
2034 1705 2076 1740 et
2096 1705 2247 1752 regnat

378 1759 556 1798 Amen«
594 1758 676 1807 (Cf.
711 1760 806 1799 cod.
839 1759 948 1800 XIV.
981 1760 1025 1799 F.
1064 1760 1147 1808 18.)
1894 1767 1896 1769 '
2153 1774 2155 1776 ’

521 1815 549 1855 f.
582 1816 856 1857 205‘2-—207a
887 1818 1062 1858 Seneca
1095 1819 1149 1858 de
1180 1817 1209 1857 4
1238 1817 1489 1858 virtutibus
1522 1817 1829 1858 cardinalibus
1861 1827 1960 1855 cum
1983 1816 2246 1867 praefatione

379 1877 420 1912 et
451 1877 763 1914 commentario
795 1877 1063 1915 interlineari.
1111 1875 1335 1927 »Quatuor
1366 1879 1468 1915 sunt
1497 1878 1701 1914 virtutum
1734 1877 1929 1925 species«
1967 1875 2008 1908 ><
2045 1878 2144 1914 »aut
2174 1874 2247 1913 de-

378 1930 594 1978 ficientem
642 1937 893 1973 contemnat
937 1936 1197 1984 ignaviam«.
1240 1933 1421 1981 (Auctor
1461 1937 1529 1972 est
1572 1933 1800 1973 Martinus
1847 1931 2115 1972 Dumiensis
2163 1943 2252 1972 seu

376 1988 742 2042 Braccarensis.)

520 2047 547 2086 f.
581 2045 686 2087 207ὸ
717 2048 921 2088 Senecae
953 2049 1009 2087 ad
1041 2048 1269 2088 Lucilium
1299 2047 1496 2099 epistola
1524 2047 1598 2088 XI.

523 2105 549 2143 f.
583 2105 667 2145 208
697 2105 861 2146 Monita
894 2106 1108 2158 quaedam
1141 2108 1332 2146 moralia.
1369 2107 1487 2157 »Age
1519 2106 1576 2146 fili
1608 2109 1655 2145 ut
1685 2109 1864 2156 oportet.
1896 2117 1976 2156 age
2008 2109 2055 2144 ut
2076 2105 2237 2144 decet«

522 2162 550 2201 f.
583 2163 667 2202 209
698 2163 896 2215 Epistola,
923 2165 1214 2203 consolatoria
1245 2164 1300 2203 ad
1333 2167 1546 2212 maritum,
1580 2166 1651 2215 qui
1682 2174 1863 2202 uxorem
1895 2165 2050 2202 amisit.

520 2220 548 2259 f.
582 2218 854 2260 21021-—223b
885 2222 1072 2262 Aeneae
1113 2222 1245 2262 Silvii
1278 2221 1461 2273 (postea
1490 2221 1560 2261 Pii
1587 2221 1645 2272 11)
1675 2220 1909 2271 Epistolae
1942 2221 2179 2271 quaedam.

523 2277 549 2316 f.
583 2277 855 2318 2242—228b
886 2279 1095 2318 Eiusdem
1129 2280 1335 2331 epistolae
1367 2281 1450 2319 alia
1479 2290 1612 2318 manu
1644 2281 1803 2318 cursim
1836 2282 2049 2326 exaratae,
2083 2281 2126 2317 et
2154 2286 2255 2317 una*

380 2334 580 2374 Friderici
613 2339 726 2388 regis
764 2338 1096 2376 »laureationem
1128 2337 1273 2376 Enee«
1308 2348 1590 2376 concernens

521 2393 548 2432 f.
582 2393 853 2434 2292—23012
884 2394 1057 2435 Valerii
1087 2395 1278 2435 Maximi
1309 2395 1366 2434 ad
1386 2394 1604 2434 Rufinum
1625 2393 1824 2444 epistola
1845 2393 1899 2433 de
1921 2404 2017 2433 non
2039 2393 2249 2433 ducenda

378 2461 537 2490 uxore.

523 2508 550 2547 f.
584 2506 689 2548 2311>
721 2508 858 2549 Notae
893 2511 1108 2562 quaedam
1141 2511 1299 2550 nullius
1333 2513 1553 2549 momenti.

522 2568 583 2604 Ad
600 2570 782 2615 opercula
796 2570 958 2616 inligata
989 2575 1080 2607 sunt
1099 2571 1225 2606 Zfolia
1256 2571 1422 2606 alicuius
1464 2571 1551 2606 cod.
1584 2570 1742 2606 membr.
1775 2578 1878 2604 saec.
1910 2567 1999 2603 XIII
2031 2569 2246 2613 argumenti

378 2625 519 2671 philos
564 2626 698 2662 Codex
739 2628 858 2663 fuisse
903 2629 1056 2664 videtur
1095 2628 1150 2665 M.
1191 2628 1417 2664 Wenceslai
1449 2629 1496 2663 de
1529 2626 1727 2668 Chrudim‚
1770 2636 1883 2672 quem
1916 2625 2118 2661 concernit
2149 2628 2244 2660 nota

379 2685 604 2729 marginalis
636 2686 674 2720 in
707 2685 730 2722 f.
776 2686 852 2722 201
900 2696 1130 2722 occurrens:
1182 2685 1288 2721 »Rex
1319 2685 1527 2721 Ladislaus
1559 2684 1683 2721 felicis
1713 2683 2003 2720 recordacionis
2036 2682 2243 2718 defunctus

379 2744 437 2776 est
469 2752 504 2777 a.
537 2743 574 2777 d.
612 2742 717 2779 1457
751 2744 812 2779 die
844 2743 1065 2780 Clementis.
1098 2743 1184 2790 Ipse
1215 2747 1309 2779 tunc
1349 2743 1534 2789 temporis
1575 2742 1720 2778 fueram
1757 2741 1805 2777 18
1839 2750 2031 2776 annorum
2062 2740 2177 2776 credo
2209 2745 2246 2775 et

379 2809 457 2833 non
490 2799 680 2845 amplius;
712 2811 802 2836 nam
834 2802 921 2837 steti
954 2802 1003 2837 ad
1036 2802 1279 2837 baccalarios
1311 2805 1348 2836 et
1380 2810 1506 2836 annos
1539 2801 1587 2835 ad
1621 2800 1848 2846 magistrum
1879 2798 1904 2833 4
1939 2802 2071 2843 puto.‹
2107 2796 2243 2832 Codex

380 2856 472 2892 bibl.
505 2856 826 2904 Rosenbergicae‚
859 2859 998 2895 deinde
1031 2860 1257 2895 monasterii
1287 2857 1548 2894 Trebonensis
1581 2861 1674 2893 erat.
1708 2856 1762 2892 Cf.
1794 2854 1960 2891 vestnik
1991 2843 2035 2890 C.
2058 2854 2104 2892 A.
2134 2855 2240 2891 1897

379 2925 415 2959 p.
449 2914 544 2951 473.

523 3025 613 3078 153
1191 3028 1230 3077 I.
1267 3028 1330 3077 D.
1369 3027 1448 3076 13.

382 3117 523 3158 chart.
555 3131 670 3160 saec.
702 3120 863 3174 XVff.
895 3120 982 3162 143
1011 3133 1148 3171 uzu-m„
1179 3120 1291 3161 30><
1312 3120 1363 3160 21
1401 3131 1483 3159 cm.
1516 3119 1537 3158 1
1573 3130 1631 3158 m.

529 3200 738 3241 12—13722
770 3202 982 3253 (Antonii
1001 3201 1288 3252 Parmensis)
1309 3200 1559 3240 Sermones
1582 3199 1636 3238 de
1651 3201 1873 3248 tempore.
1913 3196 2121 3247 »Explicit
2140 3196 2248 3236 liber-

382 3268 512 3308 super
553 3260 799 3310 evangelia«
843 3262 1053 3313 (sequens
1093 3259 1275 3299 verbum
1316 3268 1489 3297 erasum
1531 3260 1628 3304 est).
1670 3256 1764 3294 Alia
1795 3265 1952 3294 manus
1985 3254 2064 3293 sed
2095 3253 2239 3293 adhuc

1290 3405 1334 3438 56
