2476 3782
1133 287 1217 329 739

380 430 424 467 In
456 430 580 467 fronte
611 430 634 468 f.
674 431 713 466 1·
742 429 838 466 haec
869 433 962 466 nota
993 430 1139 474 scripta
1169 438 1288 464 manu
1319 428 1495 464 eiusdem
1541 438 1646 466 saec.
1695 430 1884 466 occurrit:
1951 430 2110 476 »Loyca

241 487 404 525 Alberti.
434 488 550 525 Hunc
579 488 720 524 librum
752 488 916 524 donavit
944 496 1022 523 rev,
1054 489 1162 532 pater
1191 485 1232 521 in
1264 484 1353 522 Chr.
1388 486 1492 522 dom.
1540 485 1734 523 Henricus
1765 488 1813 523 de
1845 487 2109 524 Wildenstein

228 544 362 594 episc.
395 550 433 582 et
463 556 595 583 comes
626 545 876 592 Tergestinus
907 544 1088 580 fratribus
1120 544 1157 579 b.
1189 543 1352 589 virginis
1383 543 1423 579 in
1456 542 1703 582 Czaslavia.«
1773 544 1977 591 Operculis
2010 546 2110 582 adli-

242 607 334 651 gata
364 609 457 640 sunt
486 603 701 650 fragmenta
731 603 889 641 membr.
923 602 1072 638 codicis
1103 602 1311 637 cuiusdam
1343 601 1484 648 philos
1518 611 1622 638 saec.
1645 601 1750 649 XIV,
1783 614 1950 649 quorum
1981 604 2021 639 in
2055 604 2111 640 al-

242 665 363 699 terius
395 661 520 698 fronte
553 666 730 698 notatur:
797 660 902 696 »Ista
947 659 1065 706 loyca
1110 663 1175 698 est,
1210 659 1338 695 fratris
1369 658 1517 695 Thome
1549 659 1595 695 de
1626 659 1727 696 Pisis
1759 657 1826 710 (ἲ),
1879 672 1996 708 quam
2028 662 2111 708 ipse

242 721 334 756 emit
365 730 389 756 a
417 719 617 756 Lodovico
649 719 753 756 dom.
788 717 1062 755 Cristannus.«
1097 716 1222 753 Vetus
1254 717 1355 763 sign.
1387 716 1475 754 libr.
1508 716 1634 755 Carol.
1668 717 1833 763 B‚?,K,

382 842 488 895 737
825 839 907 891 IV.
947 840 1008 890 G.
1045 841 1093 890 5.
1131 851 1190 894 (Y.
1216 851 1244 884 1.
1269 852 1301 885 2.
1319 862 1354 884 n.
1379 852 1441 894 72)

243 936 389 978 chart.
429 946 545 976 saec.
574 931 797 989 XIVJXV
808 932 870 987 ff
903 933 955 974 71
989 945 1127 983 num„
1158 933 1364 986 22><15
1391 946 1474 975 cm.
1507 935 1531 975 1
1565 947 1625 975 m.

433 1015 680 1068 (Johannis
712 1015 768 1056 de
797 1014 991 1067 Praga?)
1024 1015 1176 1056 Casus
1208 1014 1452 1055 summarii
1482 1026 1625 1067 super
1655 1016 1923 1057 decretales.

386 1085 414 1126 f.
451 1087 495 1127 1⁸
530 1083 790 1137 »Gregorius
822 1088 901 1125 etc.
934 1084 1055 1126 Istud
1091 1085 1367 1136 prohemium
1414 1085 1547 1125 habet
1578 1088 1769 1138 quinque
1802 1090 1972 1138 partes«
2007 1088 2051 1125 ><
2083 1087 2109 1126 f.

245 1144 320 1185 71⁸
357 1143 520 1185 »facere
552 1145 772 1194 omagium
805 1143 1099 1194 compellatur.
1136 1142 1256 1182 Finis
1289 1143 1470 1183 Amen«
1509 1142 1761 1195 Sequuntur
1791 1147 1920 1184 notae
1951 1148 2109 1185 variae.

380 1213 424 1255 In
453 1214 577 1251 fronte
609 1215 780 1261 operculi
811 1225 939 1262 super.
973 1225 1093 1250 manu
1124 1224 1273 1251 coaeva
1317 1216 1550 1251 adnotatum
1597 1220 1684 1252 est:
1733 1215 1935 1262 »Magistri
1967 1216 2115 1253 Johan-

244 1275 307 1311 nis
337 1275 385 1310 de
415 1272 574 1320 Praga.‹
611 1272 784 1320 Schulte,
831 1274 898 1320 qui
929 1273 1107 1309 codicem
1137 1273 1244 1309 hunc
1273 1283 1362 1320 pag.
1395 1272 1449 1309 48
1483 1274 1612 1319 operis
1654 1274 1715 1310 sui
1765 1273 1942 1312 »Canon
1976 1274 2115 1311 Hand-

244 1331 452 1369 schriften«
487 1335 674 1375 recenset,
722 1335 892 1367 veterem
943 1331 1167 1377 catalogum
1215 1335 1391 1367 nostrum
1438 1335 1598 1367 secutus
1646 1330 1750 1378 Mag.
1798 1331 2020 1369 Johannem
2067 1334 2114 1369 de

243 1389 367 1437 Praga
397 1392 594 1425 auctorem
627 1387 801 1425 Casuum
833 1399 920 1425 esse
952 1388 1138 1428 declarat.
1171 1387 1351 1425 Sexterni
1384 1390 1534 1426 codicis
1569 1392 1742 1436 cooperti
1774 1394 1865 1426 sunt
1896 1390 2113 1437 fragmento

243 1447 456 1484 membran.
485 1447 664 1483 instrum.
695 1447 804 1494 publ.
852 1451 976 1483 notar.
1009 1446 1196 1483 Stanislai
1228 1448 1275 1483 de
1308 1446 1469 1493 Gyczin.
1518 1447 1673 1485 Veteris
1721 1450 1862 1495 signat.
1896 1449 1989 1486 bibl.
2024 1448 2116 1485 Cle-

244 1509 362 1544 ment.
392 1505 559 1551 vestigia
588 1509 741 1541 tantum
773 1505 813 1541 in
846 1505 965 1541 dorso
996 1505 1167 1541 lacerato
1200 1509 1423 1552 supersunt.

382 1616 491 1671 738
867 1615 950 1667 IV.
990 1617 1049 1666 G.
1089 1618 1134 1666 6.
1173 1628 1233 1671 (Y.
1257 1627 1322 1661 111.
1347 1629 1380 1662 3.
1406 1638 1439 1662 n.
1458 1628 1528 1671 66.)

245 1711 388 1752 chart.
417 1721 535 1752 saec.
565 1696 616 1752 X
622 1710 660 1751 V
668 1711 729 1766 ff.
763 1711 833 1759 62,
863 1711 968 1752 22·5
981 1713 1024 1749 ><
1041 1711 1099 1752 16
1128 1723 1213 1752 cm.
1243 1712 1267 1752 1
1302 1723 1384 1752 ms

387 1791 638 1834 Sermones
668 1793 800 1844 varii,
832 1798 879 1834 ut
910 1794 1070 1834 docent
1099 1795 1397 1849 allocutiones,
1430 1794 1528 1835 fere
1559 1805 1724 1835 omnes
1766 1794 1824 1834 ad
1866 1794 2115 1846 magistros

245 1853 293 1892 et
322 1850 518 1892 elericos
549 1851 709 1892 habiti.
742 1852 914 1905 Quibus
947 1853 1328 1904 superscribuntur
1359 1856 1575 1903 auctores,
1608 1853 1651 1892 hi
1684 1856 1808 1893 sunt:

387 1919 414 1961 f.
453 1923 496 1961 1³²
528 1920 691 1962 Sermo
720 1921 884 1962 Jacobi
913 1921 968 1962 de
999 1922 1120 1963 Misa
1150 1925 1275 1974 incip.
1312 1921 1609 1962 »Pacienciam
1643 1922 1755 1961 habe
1787 1924 1830 1961 in
1862 1933 1971 1964 me.<‹

389 1989 416 2030 f.
453 1991 526 2031 11*ι
556 1990 779 2032 Eiusdem
810 2002 968 2033 sermo
1000 1995 1150 2044 incip.:
1189 1991 1364 2043 »Surge‚
1397 1992 1496 2031 tolle
1527 1991 1755 2043 grabatum
1787 1995 1950 2031 tuum.‹

389 2059 417 2100 f.
454 2057 527 2101 12b
555 2059 778 2103 Eiusdem
809 2067 965 2102 sermo
996 2064 1145 2113 incip.:
1183 2060 1346 2103 »Cuius
1378 2065 1446 2100 est
1476 2061 1557 2101 hec
1589 2064 1772 2113 imago«

390 2129 419 2170 f.
449 2128 528 2169 53α
558 2129 618 2170 Μ.
648 2129 882 2171 Johannis
913 2130 1014 2171 Hus
1045 2131 1221 2177 Sermo,
1271 2142 1436 2182 »quem
1467 2131 1712 2182 proposuit
1742 2131 1894 2171 facere
1927 2130 1975 2170 in
2007 2141 2118 2171 con-

247 2186 355 2228 cilio
385 2186 763 2229 constantiensi«
799 2191 951 2240 incip.:
1005 2188 1245 2229 »Dominus
1277 2193 1427 2229 noster
1456 2189 1492 2229 J.
1540 2189 1666 2230 (jhm
1717 2189 1848 2241 (edid.
1896 2191 1939 2228 in
1989 2187 2115 2240 Oper.

247 2244 385 2286 Hussi
414 2244 444 2285 f.
474 2246 530 2286 52
562 2250 605 2286 et
633 2247 690 2286 ab
721 2245 884 2296 Hosser‚
919 2245 1071 2298 Script.
1104 2247 1132 2296 1,
1166 2247 1283 2298 298).

386 2317 438 2354 Ut
467 2319 582 2355 docet
611 2318 746 2355 tabula
776 2323 1046 2355 contentorum
1078 2321 1119 2355 in
1150 2319 1335 2367 operculo
1357 2329 1485 2366 super.
1513 2330 1632 2356 manu
1664 2329 1767 2357 saec.
1803 2318 1911 2355 XVII
1943 2322 2114 2362 exarata,

249 2379 286 2411 et
317 2374 383 2411 alii
413 2385 612 2412 sermones
641 2376 762 2413 Hussi
793 2382 831 2413 et
861 2387 1061 2414 sermones
1093 2388 1195 2424 mag.
1229 2378 1327 2414 Petri
1359 2379 1406 2414 de
1428 2377 1580 2425 Stupna
1612 2378 1705 2414 olim
1727 2379 1891 2422 inerant,
1926 2378 1991 2424 qui
2014 2387 2119 2412 nunc

250 2434 392 2469 desunt
423 2435 558 2470 codice
587 2435 629 2470 in
659 2435 734 2471 fine
767 2436 958 2473 mutilato.
990 2435 1150 2482 Eadem,
1183 2439 1226 2472 ut
1254 2437 1418 2482 videtur,
1469 2446 1610 2472 manus
1658 2437 1785 2472 codici
1826 2436 1932 2471 hunc
1962 2434 2118 2471 titulum

250 2491 470 2538 inscripsit:
506 2491 739 2529 »Sermones
771 2494 1094 2530 concionatorum
1125 2496 1424 2540 praecipuorum
1471 2494 1511 2530 in
1556 2493 1755 2532 Boemia.«
1820 2493 1967 2530 Ibidem
2000 2503 2118 2528 manu

250 2548 445 2644 {Iaec5XV
475 2554 650 2587 notatum
681 2555 740 2587 est
769 2550 1033 2588 Vaticinium
1063 2552 1114 2588 de
1144 2561 1276 2599 regno
1307 2552 1537 2589 Bohemiae
1569 2551 1677 2598 Mgri
1710 2551 1836 2590 Galli.
1871 2551 1995 2587 Vetus
2018 2552 2118 2596 sign.

288 2634 299 2652 ,
333 2607 356 2643 2
392 2638 399 2645 .

391 2719 498 2773 739
909 2721 995 2772 IV.
1037 2721 1093 2771 G.
1136 2722 1179 2772 7.
1219 2732 1277 2776 (Y.
1302 2733 1331 2767 Ι.
1362 2735 1390 2767 ι.
1413 2743 1447 2766 n.
1474 2733 1523 2774 9.)

253 2813 397 2854 chart.
428 2824 542 2854 saec.
574 2813 690 2854 XIV
708 2814 760 2869 ff.
784 2815 852 2865 42,
883 2816 936 2857 21
960 2818 1011 2869 ><
1032 2815 1090 2856 14
1122 2827 1205 2856 cm.
1238 2817 1262 2856 1
1286 2828 1346 2857 m.

251 2894 442 2935 Arnesti
473 2894 810 2947 archiepiscopi
839 2896 1091 2948 Pragensis
1137 2895 1321 2936 Statuta
1364 2895 1674 2947 provincialia
1720 2906 1758 2935 a.
1810 2893 1922 2934 1349
1968 2894 2124 2935 addito

252 2952 371 2993 libro
401 2952 603 2993 Thomae
632 2952 868 2995 Hibernici
900 2955 955 2996 de
985 2954 1352 3053 tribuisalpgitnsctis
1384 2953 1622 3005 religionis
1654 2953 1936 2994 christianae
1959 2963 2120 2992 essen-

399 3091 425 3132 s.
464 3092 505 3131 1a
539 3093 704 3142 (rubr.:)
757 3093 930 3145 »Incipit
961 3095 1167 3146 prologus
1200 3105 1332 3145 super
1363 3097 1557 3134 statuta.
1586 3124 1594 3132 .
1627 3092 1673 3133 In
1705 3095 1881 3133 nomine
1914 3104 1948 3133 s.
1985 3098 2026 3133 et
2058 3095 2118 3132 in-

255 3150 339 3189 div.
373 3152 498 3189 trinit.
526 3179 536 3189 .
563 3182 570 3189 .
604 3150 819 3191 Amestus
852 3151 919 3191 dei
952 3157 994 3192 et
1024 3156 1164 3204 apost.
1199 3152 1318 3191 sedis
1350 3154 1495 3203 gracia
1526 3162 1562 3190 s.
1613 3151 1731 3202 Prag.
1780 3152 1936 3192 eccles,
1968 3152 2122 3202 archy-

255 3210 515 3259 episcopus«
553 3208 594 3244 ><
626 3207 653 3248 f.
685 3208 763 3247 42³
796 3209 965 3260 (rubr.:)
999 3210 1272 3261 »Expliciunt
1303 3210 1581 3261 provincialia
1612 3209 1726 3248 edita
1757 3220 1783 3248 a
1815 3209 1931 3248 dom.
1966 3209 2123 3261 archy-

255 3268 464 3317 episcopo
497 3264 615 3305 dom.
648 3266 835 3306 Arnesto
868 3267 1118 3308 venerando
1151 3279 1185 3307 S.
1220 3267 1331 3319 Prag
1362 3268 1590 3307 ecclesie«

1155 3415 1223 3448 293
