2476 3782
1217 253 1295 293 311

471 389 496 429 f.
536 387 804 430 137a-,140b
835 390 972 432 Alani
1005 390 1080 443 (ab
1110 391 1305 443 Insulis)
1338 391 1538 431 Carmen
1569 391 1625 431 de
1656 389 1845 430 fortuna
1864 391 1938 437 (z
1952 399 2052 439 pars
2069 388 2190 430 Anti-

327 446 573 495 claudiani).
612 446 752 498 »Quid
784 447 956 488 fortuna
987 448 1096 488 foret
1128 453 1169 488 et
1199 460 1283 500 que
1316 451 1371 489 sit
1401 451 1571 489 mansio
1604 450 1780 499 paucis«
1818 448 1859 484 ><
1896 445 2088 486 »Alanus
2135 447 2189 487 de

326 503 499 543 fortuna
530 504 622 544 finit
653 504 827 544 feliciter
857 518 895 545 a.
928 504 1081 558 (1474)
1120 506 1170 546 10
1200 518 1290 557 apr.
1324 518 1400 558 per
1427 505 1738 546 Venceslaum
1760 505 1814 544 de
1847 503 2123 544 Crumlow«.

472 564 655 600 Codieem
687 565 792 600 hunc
823 575 971 602 recens.
1004 566 1123 612 Voigt
1153 568 1192 602 in
1224 566 1369 602 Archiv
1400 566 1424 604 f.
1459 567 1570 604 oster.
1605 565 1746 602 Gesch.
1769 564 1859 600 XVI
1890 575 1927 611 p.
1953 564 2047 602 332.
2073 563 2192 611 Oper-

327 621 427 657 culis
460 621 673 667 adligatum
705 625 764 657 est
795 622 972 660 instrum.
991 624 1098 670 publ.
1119 626 1278 662 membr.
1304 624 1549 660 bohemicum
1567 623 1781 670 incipiens:
1805 621 1898 668 »My
1919 618 1991 658 Jan
2010 632 2031 658 z
2052 621 2190 658 Rozm-

327 679 447 714 berka
476 679 611 725 prwnij
645 679 831 726 gistecz«,
864 682 998 716 datum
1047 681 1151 717 1465
1188 693 1249 717 »w
1280 686 1392 728 utery
1424 683 1500 717 den
1533 681 1706 717 swateho
1740 680 1906 716 Girzie.«
1954 679 2191 716 Intrinsecus

326 737 499 782 operculi
531 746 658 783 super.
692 742 901 774 occurrunt
931 742 1046 775 notae
1079 740 1184 775 bona
1203 738 1431 776 Venceslai
1453 740 1504 776 de
1527 738 1735 777 Crumlov
1757 737 1926 785 (postea
1941 737 1992 773 de
2008 733 2191 786 Rovnk),

328 794 582 839 protonotarii
615 795 718 832 dom.
752 796 798 830 de
829 795 1064 842 Rosenberg,
1097 801 1331 843 spectantes,
1377 799 1423 833 de
1455 797 1598 843 quibus
1630 797 1677 833 cf.
1710 796 1835 832 Tadra
1866 797 1906 831 in
1937 793 2104 831 Vestnik
2134 795 2191 832 kr.

327 847 443 887 ceske
473 851 573 898 spol.
612 852 718 888 1890
750 863 788 899 p.
823 852 917 899 244,
950 854 1041 889 item
1073 859 1188 890 nota:
1236 855 1374 891 »Hunc
1414 855 1587 891 libellum
1631 854 1785 900 scripsit
1831 852 2096 889 Venceslaus
2141 852 2191 888 de

327 908 489 944 Rowne
534 910 690 955 propria
732 920 805 946 sua
850 921 1006 948 manu.«
1058 911 1093 947 A
1135 912 1264 948 scriba
1305 914 1430 948 codex
1465 913 1617 958 legatus
1651 922 1735 948 esse
1770 911 1924 947 videtur
1954 911 2192 947 monasterio

328 967 483 1002 cuidam
515 965 772 1013 (Ti-ebonensi
804 972 871 1004 aut
901 967 1200 1016 Borovanensi),
1232 974 1274 1006 ut
1305 971 1420 1006 docet
1461 970 1656 1006 distichon
1705 970 1754 1005 ad
1786 969 1934 1005 calcem
1965 968 2048 1004 folii
2078 977 2191 1015 prae-

327 1023 435 1070 ligati
469 1035 586 1060 manu
619 1026 753 1060 eadem
785 1025 1037 1072 inscriptum:

744 1082 897 1119 Author
927 1088 1148 1120 constructe
1182 1086 1323 1120 domus
1354 1095 1402 1120 en
1434 1095 1492 1120 me
1524 1084 1627 1130 legat
1658 1084 1817 1120 amicis:

884 1141 1021 1177 Grates
1049 1153 1154 1178 nunc
1186 1142 1324 1188 habeo,
1356 1142 1592 1187 Vincesilae‚
1624 1143 1723 1189 pias,

469 1250 543 1303 3ΙΙ
1131 1253 1169 1301 I.
1211 1253 1270 1302 G.
1307 1253 1388 1303 35.

331 1344 476 1384 chart.
510 1356 601 1384 cca.
634 1356 676 1384 a.
706 1344 821 1385 1449
839 1344 904 1396 ff.
938 1346 1034 1392 181,
1065 1347 1118 1386 21
1139 1346 1255 1386 ><14
1286 1359 1368 1387 cm.
1400 1347 1423 1387 1
1460 1359 1518 1386 m.

467 1425 494 1465 f.
534 1423 692 1464 1—36b
743 1426 972 1477 Excerpta
1026 1427 1285 1467 Rationalis
1333 1427 1619 1479 (divinorum
1664 1426 1926 1468 officiorum
1972 1423 2193 1467 Guilelmi

329 1481 551 1532 Durandi)
583 1483 638 1522 de
669 1483 775 1534 hiis,
808 1495 924 1534 quae
954 1483 1072 1525 fiunt
1102 1485 1150 1525 in
1182 1485 1342 1526 missa.

468 1540 495 1581 f.
528 1539 771 1581 37⁸-108b
803 1541 938 1593 (Mag.
969 1542 1169 1594 Aegidii)
1210 1543 1502 1601 Tractatulus
1544 1543 1599 1582 de
1641 1546 1935 1583 sacramento
1982 1541 2191 1593 corporis

330 1598 520 1638 domini.
556 1598 731 1639 »Venite
763 1601 979 1639 comedite
1011 1612 1169 1652 panem
1202 1612 1371 1640 meum«
1418 1602 1461 1638 ><
1511 1604 1649 1640 »recte
1695 1613 1722 1640 a
1768 1613 1836 1640 me
1883 1603 2045 1651 riteque
2091 1611 2193 1640 con-

329 1659 614 1707 tempnentur.
648 1657 803 1697 Amen.
835 1658 1082 1709 Expliciunt
1113 1670 1339 1698 sermones
1372 1661 1565 1710 magistri
1597 1659 1734 1709 Egidii
1758 1659 1811 1698 de
1834 1659 2003 1697 altaris«
2030 1660 2193 1707 (cetera

331 1714 473 1753 deleta
504 1717 637 1763 sunt).

467 1772 494 1811 f.
533 1769 800 1811 109‘21—133b
837 1772 1091 1812 »Tractatus
1123 1776 1203 1813 iste
1234 1774 1449 1813 hereticus
1482 1778 1549 1813 est
1579 1777 1696 1813 totus
1728 1777 1878 1813 contra
1918 1772 2070 1812 fratres
2102 1784 2193 1824 pre-

330 1830 544 1869 dicatores
577 1831 834 1881 compilatus
865 1833 907 1870 in
941 1831 1280 1871 detestacionem
1328 1832 1490 1871 ordinis
1537 1831 1734 1870 eiusdem
1782 1834 1824 1870 et
1868 1831 2194 1881 predicaciones

330 1882 480 1927 eorum
505 1920 512 1926 .
539 1920 547 1927 .
571 1888 841 1939 reprobatus.
874 1888 988 1928 Ecce
1019 1889 1218 1929 videntes
1250 1890 1498 1929 clamabunt
1529 1888 1658 1928 foris«
1700 1890 1747 1937 ><
1787 1892 1854 1927 »tu
1899 1892 2045 1927 autern
2091 1888 2192 1927 libe-

330 1948 433 1984 rasti
464 1948 654 1985 animam
688 1949 818 1985 tuam.
852 1946 1036 1997 Explicit
1065 1946 1356 1987 Tractatulus
1379 1948 1434 1987 de
1449 1946 1669 1998 periculis
1692 1945 2062 1986 novissimorum
2080 1949 2195 1986 tem-

331 2014 497 2053 porum
528 2007 570 2042 et
600 2007 667 2043 est
698 2007 859 2044 contra
888 2004 1036 2044 falsos
1066 2004 1379 2055 predicatores
1411 2017 1449 2044 a.
1483 2004 1522 2044 d.
1559 2003 1707 2043 1449.<‹
1757 2004 1941 2052 (Auctor
1982 2007 2050 2043 est
2081 2002 2190 2043 Gui-

331 2060 500 2100 lelmus
533 2063 589 2101 de
619 2061 664 2101 S.
695 2061 892 2109 Amore;
926 2063 1186 2113 opusculum
1219 2062 1391 2114 Regulis
1422 2066 1505 2102 vet.
1539 2065 1581 2101 et
1611 2064 1712 2101 novi
1755 2065 1925 2101 testam.
1988 2060 2194 2101 Matthiae

333 2119 386 2158 de
418 2118 573 2158 Janovv
604 2122 837 2167 insertum;
871 2120 938 2159 ed.
972 2119 1210 2159 Orthuinus
1243 2119 1599 2160 Gratius-Brown
1642 2119 1687 2165 ΙΙ,
1725 2119 1776 2159 18
1799 2122 1883 2170 sq.)

472 2177 498 2216 f.
537 2175 806 2216 134a—156b
838 2177 881 2218 S.
914 2177 1164 2228 Augustini
1195 2177 1435 2218 Tractatus
1467 2178 1522 2217 de
1552 2176 1642 2216 fide
1676 2178 1733 2216 ad
1762 2177 1964 2216 Petrum.
2002 2176 2195 2227 »Episto-

331 2235 428 2281 lam,
462 2234 519 2273 fili
551 2234 684 2284 Petre,
717 2238 788 2274 tue
820 2237 1007 2274 caritatis
1039 2238 1211 2286 accepi«
1250 2237 1292 2273 ><
1336 2236 1445 2275 »hoc
1479 2245 1653 2286 quoque
1696 2235 1749 2274 illi
1798 2234 1908 2273 deus
1941 2235 2184 2274 revelavit«

470 2292 496 2332 f.
535 2292 804 2333 1578ῑ--181ἃ
839 2292 1014 2344 »Incipit
1044 2294 1213 2332 rubrica
1244 2293 1350 2333 Rabi
1399 2292 1614 2333 Samuelis
1661 2291 1893 2339 Israhelite,
1941 2303 2017 2342 per
2062 2302 2192 2343 quem

334 2350 539 2400 probatur
568 2350 785 2390 adventus
818 2349 975 2390 Christi
1007 2353 1098 2390 sive
1130 2350 1294 2390 Messie
1327 2351 1491 2390 dudum
1534 2352 1717 2401 preteriti
1759 2361 1835 2400 per
1881 2350 1995 2388 dicta
2036 2351 2194 2389 veteris

332 2410 437 2458 legis
469 2411 510 2446 et
540 2409 859 2459 prophetarum,
894 2420 977 2460 que
1009 2407 1132 2447 Judei
1164 2411 1412 2459 recipiunt«
1457 2407 1706 2459 (Alphonsi
1747 2406 2070 2447 Bonihominis
2115 2406 2194 2446 Hi-

333 2465 469 2515 spani
496 2465 742 2506 translatio
773 2466 1090 2506 altercationis
1122 2466 1318 2506 duorum
1348 2466 1632 2506 Judaeorum
1663 2476 1722 2505 ex
1752 2465 1935 2505 arabico
1968 2475 2086 2515 mag.
2117 2463 2196 2505 Sa-

336 2523 502 2563 muelis
533 2522 806 2575 Israelitae.)
839 2523 963 2575 Opus
995 2527 1038 2563 in
1069 2523 1156 2563 fine
1189 2525 1445 2563 mutilatum.

471 2583 514 2618 In
546 2583 610 2619 fol.
643 2584 855 2630 praeligato
887 2584 1017 2620 scriba
1047 2583 1185 2619 seriem
1217 2588 1487 2620 contentorum
1534 2582 1793 2628 consignavit.
1857 2581 2050 2627 Operculo
2084 2582 2192 2619 infer.

335 2641 546 2686 adligatum
579 2645 636 2676 est
668 2643 879 2678 membran.
913 2641 1169 2687 fragmentum
1201 2642 1407 2677 cuiusdam
1454 2641 1541 2676 cod.
1589 2650 1692 2677 saec.
1739 2639 1830 2674 XIV
1860 2650 2007 2685 argum.
2039 2640 2194 2686 philos,

336 2698 375 2733 in
407 2709 484 2744 quo
517 2709 634 2734 manu
667 2710 770 2736 saec.
803 2699 877 2734 XV
923 2703 1152 2735 annotatum
1183 2703 1242 2735 est
1283 2699 1458 2734 codicem
1500 2708 1585 2733 esse
1627 2698 1850 2733 monasterii
1891 2697 2194 2734 Borovanensis.

335 2755 474 2791 Postea
504 2756 605 2792 idem
637 2758 676 2792 in
710 2757 801 2796 bibl.
835 2757 1162 2802 Rosenbergicam
1198 2758 1364 2793 devenit.

474 2866 568 2919 312
1140 2868 1179 2917 Ι.
1221 2867 1281 2916 G.
1318 2867 1400 2916 35.

335 2960 481 2999 chart.
512 2972 628 3000 saec.
661 2961 923 3000 XIV—XV
937 2959 1002 3012 ff
1035 2961 1106 3010 88,
1136 2960 1187 3000 21
1209 2959 1330 3000 ><15
1357 2971 1439 2999 cm.
1471 2960 1500 2999 2
1529 2971 1588 2998 m.

474 3040 501 3079 f.
541 3042 700 3080 1—762
731 3041 981 3092 (Johannis
1012 3040 1291 3082 Marehesini
1304 3040 1343 3091 P)
1374 3040 1768 3080 Mammotrectus.
1816 3038 1986 3078 »Frater
2016 3039 2197 3078 Ambro-

338 3100 455 3136 sius«
490 3102 651 3146 (cetera
682 3100 815 3138 verba
846 3100 1018 3138 initialia
1049 3100 1201 3138 evulsa
1233 3100 1353 3146 sunt)
1389 3101 1426 3134 ><
1465 3101 1536 3136 »ut
1566 3100 1607 3136 in
1655 3108 1707 3136 eo
1756 3097 2009 3135 substancia
2055 3097 2196 3135 divine

337 3159 379 3193 et
410 3156 598 3195 humane
631 3157 908 3196 confiteretur
938 3161 1102 3196 nature.
1135 3156 1319 3207 Explicit
1340 3158 1662 3195 nomotractus‹
1689 3157 1802 3202 (sic).
1835 3155 1880 3194 In
1903 3154 2040 3193 fronte
2063 3164 2196 3192 mem-

338 3213 497 3251 branae
529 3214 681 3252 lib1·um
714 3217 1001 3265 cooperientis
1034 3215 1103 3253 hic
1137 3215 1283 3253 titulus
1315 3217 1404 3252 est:
1443 3211 1823 3251 »Mammetractus
1854 3210 2105 3251 Valentini«

1238 3362 1302 3394 136
