2476 3782
1280 293 1364 335 52⁹

1340 322 1364 334 nd

385 442 514 470 nores
547 430 666 470 finita
699 442 773 481 per
804 443 960 471 manus
993 431 1121 473 Pauli
1153 434 1208 473 de
1239 432 1315 481 Py.
1350 436 1450 479 (sic)
1492 433 1565 473 ser.
1614 432 1669 472 IV
1715 440 1814 472 ante
1861 435 2250 473 annunciacionem

387 488 427 528 b.
460 488 593 527 Marie
627 489 710 527 sub
741 500 779 528 a.
817 488 926 530 1430
958 493 1193 541 septesima
1224 494 1326 539 (sic)
1358 492 1502 530 hora«

524 548 726 594 Operculis
758 549 928 595 adligata
959 555 1050 586 sunt
1081 550 1294 595 fragmenta
1327 553 1535 588 membran.
1581 551 1788 587 cuiusdam
1821 551 1969 586 codicis
2002 560 2106 586 saec.
2138 548 2247 586 IX-X

386 615 533 650 argum.
567 605 683 642 theol.

524 716 629 768 522
978 718 1074 767 III.
1112 719 1165 767 F.
1204 720 1284 767 19.
1311 730 1371 771 (Y.
1398 730 1426 764 J.
1453 732 1482 763 1.
1510 741 1543 763 n.
1571 731 1641 774 42.)

385 810 528 850 chart.
563 822 605 849 a.
653 809 780 858 1463,
819 810 872 864 ff.
916 811 1000 852 179
1032 823 1174 863 num„v
1200 811 1391 853 22><16
1421 824 1502 852 cm.
1536 814 1559 853 1
1594 826 1652 853 m.

529 890 553 929 f.
594 889 752 928 1—47a
802 890 844 930 S.
896 890 1153 931 Hieronimi
1203 891 1339 932 Liber
1389 893 1444 932 de
1489 893 1757 934 nominibus
1809 892 2039 933 hebraicis
2089 902 2250 934 sacrae

383 947 651 998 scripturae.
690 948 806 987 »Aaz
839 949 1173 1000 apprehendens
1203 950 1271 989 vel
1303 951 1617 1001 apprehensio«
1666 954 1706 989 ><
1755 951 1930 990 »Zuzim
1963 951 2244 990 consiliantes

384 1017 462 1044 eos
493 1007 560 1044 vel
593 1006 892 1045 consiliatores
924 1017 1088 1046 eorum.
1135 1006 1381 1058 Expliciunt
1426 1011 1807 1060 interpretaciones
1854 1009 1892 1048 b.
1937 1007 2142 1047 Jeronimi
2174 1018 2250 1059 per

384 1075 541 1103 manus
572 1063 755 1103 Andree
788 1063 843 1104 de
875 1063 1154 1104 Cromierziz
1185 1064 1300 1104 alias
1332 1067 1388 1105 de
1420 1064 1658 1106 Costelecz
1700 1070 1746 1106 et
1777 1068 1832 1107 de
1865 1065 2064 1106 Smrzicz
2095 1065 2178 1105 sub
2209 1076 2247 1105 a.

385 1122 424 1160 d.
462 1120 570 1160 1463
603 1124 644 1160 in
677 1122 745 1160 illa
776 1122 927 1161 sillaba
958 1122 999 1160 bi
1032 1133 1115 1172 que
1150 1125 1216 1162 sin
1247 1123 1302 1162 ab
1336 1123 1466 1162 don«

528 1190 554 1229 f.
587 1188 831 1230 482-1791’
862 1190 1092 1231 Johannis
1123 1191 1401 1231 Marchesini
1433 1192 1814 1233 Mammotrectus
1846 1196 1907 1241 (in
1929 1193 2015 1232 fine
2038 1190 2244 1243 mutilus).

384 1250 526 1297 (rubr.)
563 1249 735 1299 »Incipit
766 1248 870 1288 liber
900 1252 1215 1288 mammotracti
1247 1250 1390 1289 editus
1423 1261 1555 1301 super
1585 1254 1911 1301 exposicionem
1933 1251 2247 1290 vocabulorum

382 1306 506 1345 biblie
538 1310 580 1345 et
609 1306 817 1356 legendas
850 1310 1101 1346 sanctorum
1123 1318 1150 1346 a
1170 1306 1296 1347 fratre
1327 1306 1620 1347 Marachismo
1652 1310 1751 1357 (sic)
1784 1309 1874 1348 ord.
1908 1308 1998 1348 frat.
2052 1311 2152 1347 min.
2195 1307 2248 1347 de

383 1366 550 1403 civitate
594 1363 721 1415 Regii.
775 1367 951 1413 (atram.)
1001 1365 1228 1415 Inpaciens
1275 1368 1443 1416 proprie
1489 1368 1731 1416 impericie‹
1789 1365 1826 1408 ><
1881 1367 1953 1414 (de
2003 1365 2242 1417 virginibus

384 1432 528 1460 sermo
561 1422 599 1461 b.
634 1422 884 1472 Augustini)
920 1421 1134 1472 »Subripit
1165 1433 1233 1461 me
1266 1434 1365 1462 cor«
1400 1426 1562 1471 (cetera
1594 1423 1926 1474 desiderantur).

521 1492 713 1539 Operculo
747 1503 873 1539 super.
908 1494 1121 1539 adligatum
1154 1498 1212 1529 est
1243 1494 1376 1539 fragm.
1410 1496 1569 1533 membr.
1604 1495 1752 1531 codicis
1785 1505 1887 1531 saec.
1920 1494 2025 1541 XIV,
2072 1504 2149 1540 quo
2182 1494 2250 1530 ad-

382 1552 506 1586 oratio
538 1553 751 1597 imaginum
789 1555 1053 1597 pertractatur.

521 1662 628 1714 523
978 1661 1072 1711 III.
1111 1662 1165 1710 F.
1203 1663 1286 1713 20.
1314 1674 1426 1716 (if-1.
1454 1677 1484 1708 1.
1509 1685 1542 1707 n.
1568 1675 1642 1715 56.)

381 1757 524 1796 chart.
556 1768 671 1796 saec.
704 1755 867 1809 XVffi
900 1757 999 1805 191,
1029 1756 1310 1796 21·5><15·5
1336 1769 1420 1798 cm.
1452 1757 1493 1797 d.
1527 1769 1585 1797 m.

380 1836 616 1888 (Doctoris
664 1837 918 1888 evangelici
961 1837 1194 1877 Johannis
1239 1836 1445 1888 Wiclif?)
1486 1836 1730 1887 Expositio
1785 1837 2131 1888 evangeliorum
2179 1848 2243 1877 ss.

969 1894 1202 1944 Matthaei,
1232 1894 1388 1944 Marci,
1419 1894 1661 1935 Johannis.

495 1963 521 2003 f.
560 1965 601 2002 1a
635 1966 843 2012 (anepigr.)
879 1962 1059 2004 »Utrum
1091 1966 1336 2004 incarnacio
1369 1964 1486 2003 verbi
1518 1968 1584 2003 est
1615 1964 1948 2015 cognoscibilis«
1969 1964 2012 2001 ><
2035 1964 2062 2004 f.
2086 1964 2135 2003 3a
2162 1963 2242 2003 »ad

380 2022 650 2072 dirigendum
683 2022 916 2074 quemlibet
945 2024 1167 2061 viatorem.
1230 2021 1349 2061 Patet
1394 2023 1479 2061 ista
1520 2024 1743 2061 sentencia
1789 2018 1837 2060 4⁰
1879 2022 2043 2073 trialogi
2074 2021 2253 2061 Wicleff

380 2091 472 2130 cap.
507 2079 586 2119 20«
626 2103 674 2107 -
713 2079 977 2130 »[M]atheus
1024 2091 1075 2118 ex
1121 2079 1260 2118 Judea
1306 2082 1417 2118 sicut
1462 2082 1505 2119 in
1553 2079 1702 2119 ordine
1750 2082 1915 2130 primus
1966 2082 2162 2130 ponitur«
2201 2080 2244 2116 ><

380 2136 406 2175 f.
446 2137 522 2176 187
532 2141 550 2161 ⁵²
583 2141 649 2176 »et
680 2148 853 2188 semper
883 2141 1076 2176 remanet
1107 2137 1421 2188 quantumlibet
1452 2137 1750 2188 postilandum
1784 2140 1891 2176 etc«

495 2206 521 2246 f.
560 2203 798 2245 187b-191
836 2205 970 2246 Index
1002 2217 1143 2245 rerum
1175 2206 1474 2257 alphabeticus
1507 2217 1657 2246 sacrae
1691 2209 1943 2257 scripturae.

519 2276 720 2323 Operculis
767 2277 939 2323 adligata
984 2281 1075 2313 sunt
1121 2277 1335 2323 fragmenta
1381 2278 1594 2313 membran.
1641 2278 1847 2313 cuiusdam
1888 2278 2036 2314 codicis
2068 2277 2244 2324 theolog.

379 2345 482 2372 sace.
515 2334 616 2371 XIII.
649 2335 692 2370 In
723 2337 895 2380 margine
927 2335 1138 2381 superioris
1171 2346 1290 2371 manu
1322 2345 1424 2371 saec.
1456 2334 1531 2370 XV
1561 2335 1686 2370 codex
1708 2335 1766 2370 sic
1798 2335 2037 2371 intitulatur:
2074 2335 2246 2372 »Doctor

379 2393 628 2438 evangelicus
661 2403 776 2439 super
808 2403 943 2428 omnes
974 2393 1277 2438 evangelistas«.
1342 2392 1418 2428 Sed
1449 2392 1577 2429 Lucas
1608 2393 1860 2430 desideratur.
1922 2393 1984 2428 An
2016 2392 2163 2429 Wiclifi
2195 2395 2245 2429 sit

379 2450 454 2488 hoc
487 2461 601 2497 opus,
639 2451 807 2486 maxime
839 2450 999 2486 dubium
1034 2455 1104 2486 est.

517 2572 628 2625 524
973 2574 1069 2622 III.
1107 2574 1160 2622 F.
1197 2573 1279 2622 21.
1319 2583 1379 2626 (Y.
1405 2583 1433 2617 Ι.
1462 2585 1493 2616 1.
1519 2593 1552 2616 n.
1580 2584 1652 2625 79.)

378 2668 523 2707 chart.
555 2679 671 2708 saec.
704 2666 795 2707 XV
809 2666 874 2719 ff.
906 2668 1004 2717 155,
1036 2667 1271 2708 21·5><16
1301 2679 1383 2707 cm.
1417 2667 1459 2707 d.
1492 2678 1550 2706 m.

378 2748 574 2788 Lectura
620 2747 693 2799 (z
713 2747 1111 2799 Commentarius)
1153 2759 1294 2798 super
1340 2746 1585 2798 epistolam
1631 2758 1668 2786 S.
1714 2746 1847 2787 Pauli
1892 2747 1949 2788 ad
1993 2747 2243 2788 Romanos.

522 2806 547 2845 f.
587 2807 630 2845 1a
663 2808 873 2854 (anepigr.)
894 2804 1040 2846 »Sicut
1071 2806 1279 2857 prophete
1301 2808 1402 2856 post
1433 2805 1572 2855 legem
1605 2807 1667 2844 sic
1701 2809 1742 2844 et
1772 2807 1983 2856 apostoli«
2020 2807 2062 2843 ><
2084 2805 2112 2845 f.
2140 2800 2244 2844 155b

383 2863 548 2902 »Amen
580 2867 647 2902 est
677 2863 957 2903 confirmacio
989 2866 1316 2915 premissorum.
1349 2862 1501 2911 (rubr.)
1561 2862 1745 2913 Explicit
1791 2863 1951 2902 lectura
1983 2874 2114 2915 super
2143 2864 2236 2914 epi-

379 2921 515 2960 stolas
547 2923 648 2970 (sic)
680 2921 719 2960 b.
754 2925 894 2972 apost.
928 2921 1045 2961 Pauli
1078 2921 1133 2960 ad
1166 2920 1429 2960 Romanos«

516 2991 558 3026 In
590 2992 654 3029 fol.
689 2992 900 3038 praeligato
933 2996 1111 3028 notatur:
1149 2991 1402 3027 »Monasterii
1435 2990 1702 3026 Oibinensis.«

518 3103 624 3155 525
1176 3103 1271 3153 III.
1309 3103 1362 3151 F.
1400 3102 1482 3151 22.

379 3194 482 3236 Duo
501 3195 626 3247 folia
660 3197 908 3237 membran.
943 3198 1108 3237 codicis
1136 3208 1253 3237 saec.
1294 3195 1538 3244 VIII—IX,
1583 3195 1926 3236 characteribus
1975 3194 2241 3235 minusculis

378 3254 481 3292 aevi
514 3251 719 3294 Carolini
747 3255 935 3303 exarati,
972 3256 1099 3295 valde
1128 3255 1356 3302 mutzlata,
1399 3265 1514 3305 quae
1544 3253 1651 3292 olim
1695 3253 1926 3293 asseribus
1970 3252 2131 3293 codicis
2159 3250 2238 3292 HI.

1280 3401 1348 3434 206
