2476 3782
1123 280 1230 321 1156

376 417 483 472 1153
1013 417 1098 466 VI.
1136 417 1190 467 F.
1226 417 1308 466 14.

232 511 486 553 membran.
516 523 633 553 saec.
664 510 790 552 XIII
815 511 874 551 in.
892 510 1056 565 ff287
1088 522 1226 558 num„
1258 510 1362 551 2Ο·5
1376 510 1503 563 ><14
1519 523 1604 552 cm.
1637 511 1680 552 d.
1712 523 1771 552 m.
1805 523 1906 552 cum
1931 512 2037 565 pict.

237 590 422 633 ›Flores
453 591 705 644 evangelii«
742 591 844 633 sive
874 591 1125 632 Sermones
1148 593 1203 632 de
1225 596 1434 642 tempore
1457 595 1502 633 et
1523 592 1700 633 sanctis
1732 604 1839 633 cum
1869 594 2108 634 nonnullis

233 649 407 702 glossis
438 650 696 691 bohemicis
731 661 852 691 saec.
882 648 989 690 XIV
1018 648 1082 689 in.

374 731 400 772 f.
438 731 483 771 1²
513 733 679 780 (rubr.:)
724 731 959 782 »Incipiunt
1000 729 1131 769 flores
1175 731 1409 782 evangelii«
1447 764 1454 771 .
1491 764 1499 772 .
1535 762 1542 769 .
1576 730 1602 770 f.
1636 728 1742 771 287b
1785 730 1929 783 (sermo
1962 736 2000 770 in
2035 745 2109 770 na-

234 791 335 829 tivit.
365 791 578 838 virginum)
615 793 739 829 »ante
771 788 926 829 faciem
961 791 1054 827 eius
1086 790 1183 840 ipso
1215 789 1462 835 adiuvante,
1496 791 1594 840 qui«
1631 792 1711 828 ete.

371 848 577 886 Sermones
622 849 663 885 hi
707 853 799 885 sunt
844 849 1087 885 diversorum
1132 853 1285 895 patrum
1335 850 1595 896 antiquorum,
1659 849 1870 895 Ambrosii,
1917 849 2106 896 Gregorii,

230 907 444 954 Augustini
476 910 548 947 cet.
580 906 611 943 E
642 911 811 943 monast.
844 905 1097 943 Tiebonensi.

373 1029 493 1083 1154
1012 1030 1096 1080 VI.
1132 1030 1186 1079 F.
1225 1030 1307 1079 15.

231 1124 377 1165 chart.
408 1135 452 1164 a.
483 1123 717 1165 1420—26
731 1123 795 1178 ff.
825 1123 913 1165 384
943 1135 1083 1174 num„
1113 1123 1171 1164 22
1189 1123 1242 1175 ><
1260 1124 1317 1165 16
1333 1135 1417 1164 cm.
1450 1124 1473 1164 1
1496 1135 1556 1164 m.

228 1203 514 1245 Testamenti
543 1203 728 1245 Veteris
759 1204 887 1245 libri:
919 1203 1297 1254 Proverbiorum‚
1329 1203 1656 1254 Ecclesiastes‚
1689 1203 1936 1246 Canticum
1958 1205 2106 1245 canti-

228 1272 406 1313 corum,
436 1262 715 1314 Sapientiae,
747 1261 1111 1304 Ecclesiasticus
1143 1274 1251 1304 cum
1282 1262 1581 1313 expositione
1613 1262 1857 1315 marginali
1887 1267 1934 1304 et
1964 1263 2106 1304 inter-

859 1321 1025 1362 lineari
1057 1320 1237 1362 Nicolai
1269 1320 1324 1361 de
1355 1320 1474 1361 Lira.

366 1400 394 1442 f.
432 1398 475 1441 lb
512 1401 671 1442 »Istum
703 1403 932 1454 prologum
963 1404 1165 1454 premittit
1184 1401 1433 1442 Jeronimus
1468 1436 1474 1442 .
1510 1433 1519 1442 .
1555 1435 1561 1441 .
1595 1401 1756 1452 Jungat
1786 1402 1993 1453 epistola«
2026 1435 2034 1443 .
2060 1437 2068 1444 .
2095 1434 2103 1443 .

367 1459 396 1499 f.
433 1458 536 1500 131³
571 1459 782 1512 »Explicit
813 1463 982 1500 cantica
1012 1461 1045 1501 II
1075 1459 1149 1500 fer.
1183 1463 1286 1512 post
1315 1459 1489 1499 Andree
1521 1471 1559 1500 a.
1595 1458 1743 1500 1420.‹

367 1516 394 1558 f.
427 1514 534 1558 384b
570 1517 688 1558 »Hec
720 1519 849 1570 gloza
880 1518 972 1558 Lire
1016 1517 1137 1558 finita
1168 1522 1236 1558 est
1268 1518 1488 1558 dominico
1532 1521 1632 1558 ante
1674 1516 1847 1569 Georgii
1878 1530 1917 1558 a.
1952 1519 1990 1559 d.
2023 1523 2103 1560 etc.

229 1573 286 1615 26
316 1573 470 1627 (1426)
501 1580 740 1616 currente«

364 1646 408 1684 In
439 1648 623 1694 operculo
670 1659 799 1695 super.
842 1648 939 1684 haec
985 1655 1079 1684 nota
1125 1652 1342 1684 atramento
1390 1648 1489 1684 illita
1534 1649 1725 1685 occurrit:
1775 1647 1876 1684 »Iste
1919 1647 2016 1684 liber
2046 1653 2105 1685 est

226 1703 417 1743 Simonis
448 1706 684 1742 sacerdotis
719 1738 726 1744 .
763 1735 770 1743 .
805 1738 812 1744 .
848 1738 855 1744 .
891 1707 1069 1742 custodis
1104 1735 1111 1742 .
1148 1736 1155 1743 .
1191 1734 1199 1742 .
1234 1733 1242 1742 .
1276 1707 1420 1742 ibidem
1443 1710 1662 1753 reportatus
1693 1707 1850 1752 propria
1881 1716 2001 1742 manu
2033 1717 2103 1742 seu

225 1773 295 1810 per
324 1773 406 1800 se.«
439 1763 484 1800 In
516 1764 703 1810 operculo
733 1764 840 1800 infer.
875 1765 995 1801 haec:
1033 1764 1134 1800 »Iste
1166 1764 1265 1800 liber
1295 1764 1596 1811 sapiencialium
1626 1763 1791 1810 pertinet
1813 1766 1863 1800 ad
1885 1763 2102 1800 Fabianum

225 1821 466 1858 bacalarium
495 1821 536 1857 in
568 1821 773 1866 Nazaret«,
817 1824 879 1858 cui
924 1826 1039 1859 notae
1081 1822 1158 1858 alia
1199 1833 1340 1858 manus
1374 1832 1477 1860 saec.
1509 1821 1584 1857 XV
1614 1822 1788 1858 addidit:
1836 1826 1899 1858 »et
1940 1827 2103 1859 mortem

226 1889 366 1917 meam.
412 1878 455 1915 Si
485 1883 628 1927 autem,
660 1882 766 1926 quod
798 1881 911 1924 absit,
954 1879 1153 1916 Fabianus
1195 1881 1301 1927 prius
1334 1880 1493 1916 solverit
1525 1880 1699 1917 debitum
1731 1880 1873 1926 carnis,
1915 1881 2021 1926 quod
2053 1882 2101 1917 ad

226 1947 288 1973 me
318 1940 571 1973 rever-tamn«
633 1937 794 1984 Utrique
837 1938 1020 1985 operculo
1053 1938 1341 1984 adglutinatum
1384 1942 1443 1974 est
1484 1937 1742 1984 fragmentum
1774 1938 1860 1974 libri
1893 1938 2102 1975 cuiusdam

226 1994 440 2039 censualis,
471 1996 513 2031 in
544 2006 621 2042 quo
667 1997 826 2042 saepius
857 1997 1026 2032 occurrit
1071 1996 1165 2031 villa
1195 1994 1402 2042 Nepomuk
1433 1995 1556 2042 (saec.
1588 1994 1843 2042 XIV—XV).
1906 1995 2099 2043 Operculo

226 2051 334 2089 infer.
367 2053 581 2099 adligatum
603 2058 662 2090 est
684 2053 943 2100 fragmentum
965 2054 1177 2090 membran.
1202 2054 1350 2090 codicis
1373 2055 1580 2090 cuiusdam
1602 2053 1846 2100 grammatici
1869 2064 1972 2090 saec.
1996 2053 2097 2093 XIII.

366 2175 473 2230 1155
1009 2179 1094 2228 VI.
1139 2179 1192 2228 F.
1235 2179 1312 2227 16.

225 2268 372 2311 chart.
404 2282 447 2312 a.
478 2270 593 2312 1417
618 2270 672 2325 ff.
704 2271 803 2320 196,
835 2272 1185 2325 21·5><15cm.
1214 2272 1238 2313 1
1273 2284 1331 2312 m.

225 2351 475 2394 Sermones
519 2353 575 2394 de
619 2356 833 2405 tempore
875 2357 922 2395 et
961 2354 1017 2395 de
1058 2353 1236 2395 sanctis
1268 2365 1296 2394 a
1326 2353 1477 2405 prima
1521 2353 1755 2394 dominica
1799 2353 1847 2394 in
1895 2354 2099 2394 adventu

475 2422 626 2463 usque
657 2412 714 2452 ad
747 2412 1047 2464 epiphaniam
1079 2424 1186 2453 cum
1217 2412 1338 2452 raris
1370 2411 1543 2463 glossis
1574 2411 1845 2453 bohemicis.

363 2490 391 2531 f.
422 2489 472 2532 8b
503 2491 715 2544 (Absoluto
747 2495 928 2542 registro)
977 2493 1143 2533 »Prima
1173 2504 1274 2545 pars
1306 2496 1432 2533 istius
1464 2493 1588 2533 libelli
1620 2496 1682 2542 (in
1713 2494 1918 2544 operculo
1952 2505 2094 2545 super.

223 2549 489 2589 inscribitur:
523 2549 662 2591 Prima
693 2562 794 2602 pars
825 2555 1163 2603 comportature)
1196 2551 1317 2591 finita
1358 2555 1427 2591 est
1448 2563 1523 2603 per
1553 2550 1798 2592 Nicolaum
1823 2551 2097 2603 Mnissek(?)

226 2606 459 2658 plebanum
505 2610 548 2647 in
595 2607 829 2650 Chotikow
875 2614 978 2650 tunc
1027 2610 1319 2661 presidentem
1368 2610 1551 2649 ecclesie
1593 2609 1643 2649 in
1674 2608 1804 2650 Swin
1834 2620 1872 2649 a.
1907 2610 1949 2649 d.
1988 2609 2098 2650 1417

223 2662 363 2705 XXVI
393 2664 461 2704 die
491 2665 587 2705 Julii
620 2698 628 2706 .
664 2700 670 2706 .
707 2700 715 2708 .
749 2668 896 2707 multis
928 2672 1031 2707 tune
1063 2668 1335 2707 currentibus
1367 2667 1684 2707 incommodis«
1722 2698 1729 2706 .
1765 2699 1772 2706 .
1807 2697 1817 2706 .

362 2721 389 2762 f.
421 2722 471 2762 9a
503 2725 632 2773 (Dom.
666 2731 754 2763 ante
787 2729 1016 2772 adventum)
1053 2725 1191 2765 »Ecce
1224 2725 1317 2764 dies
1347 2728 1528 2765 veniunt
1560 2756 1568 2764 .
1604 2758 1610 2765 .
1646 2758 1653 2765 .
1686 2723 1936 2765 Notandum
1974 2726 2094 2778 quod

226 2789 262 2818 s.
295 2782 464 2831 patres«
487 2781 528 2819 ><
548 2780 574 2821 f.
613 2780 714 2822 19612
751 2787 980 2823 »vocatum
1013 2787 1081 2823 est
1111 2794 1272 2823 nomen
1306 2785 1401 2822 eius
1432 2782 1603 2822 Jesus.«

362 2850 466 2888 Nota
495 2852 534 2888 in
567 2855 750 2899 operculo
793 2865 945 2901 supen:
985 2854 1180 2890 »Libellus
1212 2856 1317 2893 dom.
1351 2853 1502 2891 Nicolai
1533 2855 1688 2900 plebani
1720 2853 2091 2892 Baworowiensis.«

223 2906 371 2944 Deinde
403 2909 500 2946 liber
531 2911 622 2947 bibl.
654 2911 977 2958 Rosenbergicae‚
1020 2917 1216 2959 postremo
1249 2918 1416 2950 monast.
1450 2911 1711 2948 Tiebonensis
1743 2912 1824 2948 suit.

365 3042 495 3097 1156
1025 3046 1102 3097 VI.
1138 3047 1192 3097 F.
1236 3047 1312 3096 17.

226 3136 370 3176 chart.
404 3148 447 3178 a.
479 3137 708 3179 1418—19
733 3139 786 3193 ff.
817 3140 917 3190 305,
946 3141 1004 3181 22
1023 3141 1148 3192 ><16
1163 3153 1247 3181 cm.
1279 3141 1302 3181 1
1328 3153 1388 3180 m.

226 3216 478 3258 Sermones
508 3217 564 3258 de
593 3221 802 3270 tempore
834 3223 880 3260 et
911 3220 1088 3262 sanctis
1120 3232 1148 3262 a
1168 3220 1321 3272 capite
1353 3220 1512 3261 ieiunii
1541 3231 1690 3272 usque
1722 3221 1780 3260 ad
1811 3221 2095 3263 dominicam

338 3273 472 3316 Oculi
501 3286 608 3316 cum
638 3276 811 3328 glossis
843 3278 1103 3319 bohemicis
1145 3278 1524 3319 interlinearibus
1556 3283 1602 3320 et
1632 3278 1976 3330 marginalibus.

281 3401 484 3440 munniz:
511 3413 580 3443 cat.
603 3413 670 3441 cod.
690 3413 745 3442 iat.
1124 3426 1191 3459 465
1909 3417 1954 3449 30
