2476 3782
1284 321 1340 361 46

518 461 545 502 f.
578 460 814 500 97⁸—1082
842 459 1011 499 Tabula
1043 471 1174 511 super
1206 459 1525 499 Distincciones
1558 461 1600 498 ><
1638 461 1909 511 »compilavit
1950 459 2022 502 Fr.
2070 460 2244 502 Guidus

374 518 473 571 (Sic)
507 520 562 559 de
595 518 727 559 Senis
759 518 849 557 ord.
884 517 931 557 fr.
964 518 1125 557 herem.
1159 528 1194 557 S.
1227 518 1364 568 Aug«
1403 519 1495 569 (Sed
1529 521 1631 567 apud
1665 519 1889 557 Fabricium
1922 531 2021 567 opus
2044 522 2246 559 Distincti-

375 590 494 616 onum
526 578 716 615 Mauricio
749 578 876 623 Anglo
909 574 1159 627 attribuitur).

520 646 547 686 f.
586 641 844 685 1092—1781‘
877 643 1103 684 Guidonis
1137 645 1191 684 de
1223 643 1383 684 Monte
1414 643 1603 684 Rotheri
1626 644 1720 696 (vel
1741 644 1959 696 Rocheri)
1981 644 2245 697 Manipulus

376 707 655 745 curatorum.
693 702 855 742 »Rever
878 734 885 742 .
912 734 919 742 .
945 733 953 741 .
1007 701 1267 754 Raymundo
1291 733 1299 741 .
1325 733 1333 741 .
1359 733 1367 741 .
1419 701 1627 742 Valencie
1669 705 1876 754 episcopo
1901 734 1909 742 .
1935 734 1944 742 .
1968 734 1977 742 .
2030 702 2242 755 Scriptum

374 761 521 802 Turoli
554 774 592 801 a.
626 761 666 800 d.
706 760 837 799 1333«
875 761 917 797 ><
953 771 1130 811 »preces
1161 759 1326 799 fundat.
1361 759 1493 811 Expl.
1528 761 1776 812 manipulus
1822 771 1910 800 cur.
1957 772 1996 800 a.
2045 761 2085 801 d.
2136 759 2242 803 1451

376 820 449 859 fer.
482 819 537 858 VI
568 821 667 858 ante
700 817 1088 858 Circumdederunt
1118 828 1187 856 me
1220 828 1295 868 per
1323 816 1589 858 Johannem
1619 817 1812 858 Lukner
1842 817 2031 858 finitus«

521 888 548 928 f.
587 882 847 927 178b-179b
878 885 1047 925 Tabula
1078 886 1296 937 manipuli.
1329 886 1356 926 f.
1394 885 1475 926 180
1504 886 1644 926 Arbor
1674 886 1904 926 affinitatis.

522 957 548 996 f.
587 953 845 996 181⁸—225b
893 955 1100 1008 (anepigr.i
1142 954 1382 996 Tractatus
1429 955 1485 995 de
1537 955 1832 1004 poenitentia.
1885 955 2034 1008 »Quia
2082 961 2128 997 ut
2172 961 2246 1009 ayt

377 1016 661 1055 Ambrosius«
698 1015 740 1051 ><
777 1014 856 1054 »ad
878 1016 1101 1064 impensas
1124 1015 1166 1052 in
1189 1013 1426 1053 medicos«.
1451 1011 1747 1066 (Subscriptio
1770 1013 1963 1054 radendo
1987 1014 2127 1054 deleta
2147 1018 2245 1064 est).

522 1083 548 1123 f.
591 1083 805 1123 229⁸—27
816 1079 855 1122 1b
902 1085 1110 1131 (anepigr.)
1152 1082 1396 1123 Tractatus
1447 1083 1648 1123 »docens
1694 1083 1975 1131 sacerdotes,
2023 1085 2245 1135 quomodo

378 1142 508 1182 sobrii
541 1142 686 1193 quoad
719 1153 766 1181 se
799 1144 933 1192 ipsos,
967 1140 1190 1191 quomodo
1223 1143 1290 1191 pie
1324 1141 1473 1191 quoad
1496 1141 1688 1180 divinum
1721 1152 1848 1192 opus,
1881 1142 2104 1192 quomodo
2134 1145 2246 1183 iuste

378 1199 523 1251 quoad
558 1211 665 1239 suos
698 1202 921 1250 proximos
954 1198 1141 1238 debeant
1171 1201 1358 1238 vivere«.
1399 1198 1634 1250 »Apparuit
1655 1201 1769 1238 enim
1790 1199 1926 1249 gloria
1952 1199 2045 1240 dei«
2070 1200 2158 1238 ><›
2139 1211 2246 1251 »ego

377 1261 470 1309 ipse
503 1257 744 1308 predicator
775 1257 929 1296 fatuior
961 1255 1010 1302 (Ρ)
1043 1258 1273 1295 universis.
1329 1255 1365 1296 Ο
1398 1256 1503 1295 Jesu
1537 1267 1615 1307 pro
1649 1259 1791 1307 operis
1824 1259 1988 1307 premio
2019 1260 2103 1298 cito
2133 1260 2245 1298 veni.

378 1315 432 1354 Et
463 1318 524 1354 sic
555 1319 622 1354 est
651 1314 751 1354 finis
783 1315 913 1353 huius
959 1314 1208 1353 tractatuliss
1260 1312 1546 1365 (Subsciiptio
1594 1314 1787 1353 radendo
1836 1314 1976 1354 deleta
2020 1313 2118 1366 est.)
2180 1314 2245 1356 Cf.

378 1372 574 1412 Klicman
606 1370 788 1412 Vestnik
820 1372 868 1412 C.
902 1372 951 1411 A.
985 1371 1031 1418 II,
1064 1371 1132 1411 68.
1166 1371 1211 1410 In
1244 1371 1394 1411 codice
1425 1371 1530 1411 XIII.
1569 1370 1623 1411 G.
1657 1371 1683 1410 6
1726 1372 1840 1411 idem
1882 1383 1994 1423 opus
2039 1376 2245 1413 vocatur:

384 1430 571 1481 »Regula
602 1434 643 1470 et
674 1431 833 1470 modus
864 1430 1036 1469 vivendi
1070 1429 1388 1468 sacerdotumss

523 1499 550 1539 f.
583 1499 847 1539 2772—3022
877 1498 1086 1551 (anepigr.)
1113 1498 1368 1538 Alexandri
1401 1499 1456 1538 de
1480 1497 1599 1539 Villa
1630 1497 1713 1538 Dei
1743 1497 1892 1539 Biblia
1921 1499 2138 1540 versibus
2168 1501 2246 1541 he-

378 1557 604 1598 xametris
635 1556 1035 1597 mnemotechnice
1068 1567 1305 1607 expressa.

524 1617 567 1653 In
599 1617 664 1653 fol.
696 1617 909 1664 praeligato
941 1617 1169 1652 adnotatum
1202 1620 1259 1652 est
1290 1627 1408 1652 manu
1441 1627 1544 1652 saec.
1578 1615 1786 1664 XVJXVI:
1833 1616 2118 1653 »Walthausen
2160 1628 2246 1654 sum

380 1686 451 1720 ego
483 1675 743 1711 Walthausen
776 1680 833 1711 est
865 1685 1005 1710 nomen
1037 1685 1204 1710 meum«
1255 1674 1302 1710 A.
1341 1674 1447 1710 1609
1497 1675 1623 1710 codex
1672 1678 1752 1709 erat
1799 1674 1891 1709 bibl.
1928 1674 2246 1722 Rosenbergicae,

382 1734 520 1768 deinde
554 1735 777 1769 monasterii
809 1731 1082 1769 TrebonensiS.

521 1844 597 1897 46
1187 1844 1226 1893 I.
1265 1843 1326 1892 A.
1365 1844 1446 1892 35.

380 1938 519 1978 chart.
553 1950 596 1978 α.
629 1937 991 1991 1755—1757ff.
1022 1937 1120 1983 342,
1152 1938 1206 1977 31
1227 1937 1341 1977 ><19
1373 1949 1455 1977 cm.
1489 1938 1512 1977 1
1546 1949 1605 1977 m.

473 2018 625 2058 Patris
657 2018 934 2058 Mem-Fried
964 2017 1016 2058 O.
1049 2018 1092 2058 S.
1124 2018 1171 2058 B.
1203 2017 1448 2058 Excidium
1478 2018 1630 2069 gentis
1660 2018 1910 2059 Hebraeae.
1943 2018 2064 2071 (Pars
2095 2017 2144 2062 Ι.)

525 2078 632 2125 Opus
664 2080 885 2114 dedicatum
918 2079 966 2114 ab
1009 2082 1166 2114 auctore
1214 2078 1410 2114 Friderico
1463 2078 1720 2114 Grundmann
1767 2079 1898 2114 abbati
1948 2077 2248 2114 Broumoviensi

381 2137 454 2171 hac
486 2137 769 2183 subscriptione
802 2136 825 2172 f.
861 2130 927 2172 3¹³:
965 2136 1139 2172 »Dabam
1171 2137 1211 2171 in
1243 2135 1397 2183 Quadia
1428 2147 1530 2172 anno
1578 2137 1730 2181 1766«,
1778 2137 1846 2172 sed
1887 2137 1928 2171 in
1970 2140 2063 2172 nota
2102 2137 2243 2182 margi-

386 2195 465 2229 nali
498 2194 522 2230 f.
559 2189 601 2229 2b
635 2196 800 2230 occurrit
831 2205 923 2230 ann.
951 2195 1072 2230 1767.

524 2305 597 2357 47
1190 2305 1450 2355 IMAJJ.

384 2399 528 2439 chart.
561 2412 603 2439 a.
638 2399 825 2452 1755ff.
859 2400 942 2440 163
972 2412 1109 2445 num.
1140 2400 1330 2440 35><22
1361 2412 1444 2440 cm.
1478 2401 1501 2439 1
1536 2411 1594 2439 m.

531 2480 762 2520 »Historia
793 2480 920 2521 Sacri
952 2479 1175 2520 Canonici
1196 2478 1384 2520 Ordinis
1414 2479 1769 2530 Crucigerorum
1790 2491 1894 2520 cum
1916 2479 2075 2520 Rubeo
2097 2478 2248 2520 Corde

382 2537 597 2577 Fratrum
648 2538 703 2577 de
749 2538 1045 2578 Poenitentia
1087 2537 1341 2578 Beatorum
1384 2537 1678 2589 Martyrum.
1771 2549 1829 2576 .a
1860 2540 1996 2588 prima
2026 2537 2247 2577 Ecclesiae

382 2598 521 2634 aetate
554 2598 730 2645 repetita
761 2603 918 2647 (usque
951 2596 1006 2634 ad
1048 2608 1086 2635 a.
1140 2595 1249 2635 1770
1291 2593 1495 2646 deducta)
1542 2607 1617 2645 pei
1663 2569 1711 2634 P.
1737 2569 1983 2635 joannem
2029 2594 2248 2635 Carolum

385 2654 516 2692 Rohn
542 2684 549 2691 .
577 2684 584 2692 .
614 2685 621 2691 .
655 2665 692 2692 a.
727 2654 767 2693 d.
806 2653 951 2693 1768«

527 2712 567 2748 F.
602 2713 653 2748 65
687 2713 718 2748 81
752 2714 802 2748 69
835 2715 979 2749 inserta
1010 2718 1101 2749 sunt
1132 2713 1388 2748 documenta
1418 2713 1584 2748 bohem.
1617 2711 1898 2758 transscripta
1939 2712 2027 2757 (sed
2060 2712 2248 2748 dubiosae

383 2770 518 2814 fideii).
547 2770 576 2805 E
608 2772 694 2806 cod.
729 2775 862 2806 nostro
894 2771 1123 2817 particulam
1155 2771 1194 2805 in
1227 2770 1250 2806 f.
1284 2770 1336 2806 72
1370 2771 1561 2816 excerpsit
1591 2769 1722 2805 Hbsser
1762 2770 1920 2816 (Script.
1966 2781 2035 2806 rer.
2079 2770 2166 2806 hus.
2199 2769 2247 2814 ΙΙ,

391 2827 501 2873 156).
534 2827 591 2862 Ex
623 2829 715 2864 bibl.
749 2833 915 2864 monast.
951 2829 989 2864 S.
1024 2828 1160 2864 Crucis
1192 2827 1354 2873 Majoris
1385 2827 1701 2872 Vetero-Pragae.
1782 2836 1784 2838 ·

526 2939 601 2992 48
1192 2939 1231 2987 I.
1271 2938 1331 2987 A.
1368 2939 1447 2987 38.

384 3033 528 3073 chart.
559 3043 673 3071 saec.
707 3031 797 3071 XV
825 3031 954 3083 (1455
967 3031 1222 3084 —1472)ff.
1254 3031 1340 3071 453
1372 3043 1508 3077 num..
1539 3030 1729 3071 32><22
1760 3042 1842 3070 cm.
1877 3031 1916 3070 α’.
1949 3043 2007 3070 m.

529 3113 555 3152 f.
594 3113 792 3152 12—13221
824 3112 1061 3164 (Guilelmi
1091 3104 1284 3163 Peralti)
1317 3111 1508 3151 Summa
1539 3110 1760 3151 vitiorum
1783 3114 1828 3150 et
1848 3110 2089 3150 virtutum.
2126 3110 2247 3150 »Dic-

386 3174 465 3211 turi
499 3171 551 3209 de
575 3173 755 3221 singulis
787 3173 932 3210 viciis«
952 3174 991 3205 ><
1010 3170 1158 3220 »ExpL
1192 3180 1367 3208 summa
1397 3181 1436 3208 v,
1460 3172 1502 3208 et
1531 3181 1571 3208 v.
1595 3180 1632 3208 a.
1659 3169 1699 3207 d.
1726 3167 1836 3207 1466
1867 3180 1942 3218 per
1973 3180 2041 3207 me
2075 3168 2246 3209 Johan-

386 3240 492 3268 nem
524 3230 578 3267 de
608 3229 779 3280 Jamny
810 3231 851 3267 in
883 3227 1177 3278 Vissiegiadu.
1226 3227 1314 3266 Pan
1346 3226 1463 3265 buoh
1496 3226 1583 3265 bud
1627 3226 1882 3277 pochwalen
1914 3238 1944 3277 y
1984 3227 2098 3276 geho
2146 3226 2245 3265 mila

386 3286 534 3326 matka
565 3297 709 3336 panna
745 3286 917 3324 Maria«

1303 3432 1341 3463 12
