2476 3782
1079 313 1155 355 761

327 454 355 495 f.
387 453 663 495 2212—2382
691 453 912 494 Eiusdem
942 451 1184 493 Tractatus
1226 453 1281 493 de
1311 451 1529 493 laudibus
1566 451 1753 493 divinae
1785 451 2056 504 sapientiae.

185 514 298 562 (Post
330 515 536 562 registrum
551 511 579 564 x)
618 511 860 552 »Eructavit
891 521 967 550 cor
997 521 1169 550 meum«
1206 511 1249 548 ><
1286 509 1432 562 »Expl
1471 513 1589 550 tract.
1624 511 1677 550 de
1709 511 1734 550 l.
1768 511 1808 550 d.
1843 522 1878 550 s.
1912 510 2055 550 editus

183 582 211 612 a
240 570 355 611 fratr.
387 570 542 622 Egidio
574 569 628 609 de
660 568 799 609 Roma
829 567 921 608 ord.
954 567 1068 608 fratr.
1102 568 1262 608 herem.
1297 579 1332 608 s,
1365 569 1637 619 Augustini.‹

330 629 532 678 operculis
565 629 737 676 adligata
769 632 861 665 sunt
891 628 1106 674 fragmenta
1137 629 1352 665 membran.
1385 628 1534 664 codicis
1564 628 1695 675 liturg.
1727 638 1832 666 saec.
1865 626 1969 664 XIV.

324 741 430 796 759
778 740 870 790 IV.
915 739 973 789 G.
1010 740 1092 791 27.
1131 750 1190 794 (Υ.
1215 751 1243 784 1.
1270 752 1302 785 1.
1329 761 1364 785 n.
1388 752 1460 793 39.)

184 836 328 878 chart.
365 848 410 877 a.
441 833 722 877 1446—1461
748 833 802 888 ff
834 833 920 875 146
949 845 1088 883 num„
1119 834 1280 875 21·5><
1297 834 1354 876 16
1384 846 1468 875 cm.
1500 835 1619 875 Z-m.

183 916 415 961 Johannis
444 915 607 958 Wiclif
631 914 837 968 Operum
867 915 923 956 de
955 914 1080 956 civili
1122 914 1330 955 dominio
1364 917 1410 955 et
1440 915 1647 967 decalogi
1693 915 1891 967 registra
1921 915 1969 968 (a
1999 915 2057 957 M.

685 972 822 1014 Petro
852 972 1010 1025 Payne
1041 972 1236 1024 Anglico
1268 972 1559 1025 composita).

330 1045 358 1086 f.
395 1040 574 1085 1⁰—35b
595 1042 838 1095 Registrum
860 1043 1054 1083 locorum
1077 1043 1132 1083 ab
1155 1046 1332 1083 auctore
1350 1045 1578 1083 citatorum
1597 1043 1842 1083 secundum
1861 1043 2057 1084 ordinem

129 1114 132 1115 ’
185 1104 389 1145 librorum
412 1113 563 1143 sacrae
585 1103 834 1153 scripturae.
868 1102 914 1142 In
936 1101 1023 1141 fine
1056 1102 1193 1141 rubr.:
1230 1101 1305 1141 »A.
1340 1101 1382 1141 d.
1418 1099 1540 1141 1461.
1574 1099 1745 1142 Nomen
1778 1104 1999 1153 scriptoris
2022 1104 2059 1141 si

187 1166 234 1203 tu
274 1171 542 1214 cognoscere
581 1159 703 1199 vellis
745 1158 860 1210 (sic),
901 1158 952 1199 Jo
994 1160 1067 1199 tibi
1099 1162 1237 1211 prima
1284 1161 1351 1207 sit,
1393 1159 1479 1198 han
1525 1169 1718 1211 sequens
1760 1157 1945 1212 nes-que
1988 1171 2060 1199 su-

187 1230 360 1273 prema«
396 1217 657 1270 (Johannes
688 1216 907 1268 quidam).

330 1276 359 1318 f.
389 1272 634 1317 362—12412
667 1274 911 1327 Registrum
943 1274 1263 1326 alphabeticum
1297 1277 1440 1326 operis
1477 1274 1557 1314 »de
1590 1276 1701 1315 civili
1734 1275 1970 1316 dominio«.
2014 1275 2059 1315 In

186 1334 296 1377 fine:
333 1335 409 1375 »A.
442 1334 484 1374 d.
519 1332 629 1373 1446
660 1333 734 1373 fer.
766 1333 817 1374 111
849 1336 950 1385 post
980 1332 1246 1373 conductum
1280 1343 1452 1384 pasce«

332 1393 360 1433 f.
397 1388 664 1433 1252—1461‘
697 1390 941 1443 Registrum
974 1391 1294 1442 alphabeticum
1330 1389 1604 1442 »Decalogi‹.

333 1463 469 1502 Codex
499 1463 713 1511 fragmento
745 1462 947 1509 originalis
979 1462 1108 1498 bullae
1142 1461 1305 1508 Eugenii
1335 1461 1390 1498 IV
1422 1463 1470 1499 ad
1503 1463 1699 1509 quendam
1735 1461 1955 1498 Johannem
1995 1471 2063 1498 co-

187 1526 347 1572 opertus
377 1527 449 1560 est.

327 1634 435 1689 760
785 1640 812 1684 l
835 1632 880 1682 V.
921 1633 981 1683 G.
1017 1633 1099 1682 28.
1143 1643 1202 1685 (Y.
1228 1643 1255 1677 1.
1285 1644 1455 1681 1.n.47.›

187 1729 333 1771 chart.
363 1740 480 1770 saec.
511 1727 604 1770 XV
628 1729 679 1783 ff.
708 1728 810 1778 332,
838 1728 890 1769 21
900 1727 1120 1769 ·5><15·5
1146 1739 1230 1768 cm.
1261 1727 1291 1768 2
1319 1739 1379 1768 m.

189 1810 232 1853 S.
263 1810 494 1852 Johannis
509 1808 823 1863 Apocalypsis
843 1820 951 1851 cum
973 1808 1208 1861 (Guilelmi
1231 1809 1287 1850 de
1307 1808 1538 1861 Militona)
1559 1808 1896 1849 commentario
1918 1810 2062 1857 (cuius

872 1879 976 1908 vero
1007 1870 1171 1908 initium
1209 1867 1365 1916 deest).

334 1937 363 1979 f.
400 1938 442 1978 1⁸
479 1937 736 1978 ›Premissis
767 1939 916 1977 causis
949 1936 1257 1988 principalibus
1289 1936 1419 1976 huius
1443 1936 1660 1976 doctrine«
1682 1937 1726 1974 ><
1748 1935 1775 1976 f.
1795 1932 1905 1975 312b
1932 1946 2066 1988 »con--

189 1995 455 2037 firmacionis
486 1999 529 2036 et
559 1997 802 2048 optacionis
845 1995 1050 2035 dicentis:
1096 1992 1253 2034 Gracia
1293 1993 1332 2034 d.
1365 1993 1400 2034 J.
1434 1993 1533 2035 Chr.
1567 2005 1668 2034 cum
1700 1994 1905 2034 omnibus
1937 1993 2064 2033 vobis

191 2054 346 2095 Amen.
407 2053 463 2094 Et
501 2065 586 2094 nos
628 2056 755 2105 igitur
796 2053 879 2093 deo
921 2054 1092 2104 gracias
1133 2051 1388 2101 referamus,
1431 2052 1550 2104 quod
1580 2063 1666 2092 nos
1698 2052 1901 2092 decussis
1934 2054 2064 2091 tantis

192 2111 331 2165 plagis
362 2114 671 2164 scripturarum
705 2111 886 2151 deduxit
916 2114 958 2150 et
989 2109 1190 2162 perduxit
1221 2110 1277 2150 ad
1310 2114 1482 2162 portum
1515 2111 1681 2150 salutis.
1716 2109 1804 2151 Oro
1836 2113 1996 2157 autem,
2019 2113 2066 2149 ut

193 2172 232 2210 si
261 2171 407 2210 minus
438 2170 550 2210 bene
581 2169 738 2210 alicubi
771 2169 872 2217 dixi,
905 2168 1007 2208 mihi
1039 2169 1257 2220 benignus
1288 2168 1511 2220 indulgeat
1542 2168 1806 2220 delinquenti
1828 2171 1870 2207 et
1890 2170 2064 2208 veniam

192 2227 407 2268 humiliter
437 2228 686 2280 postulanti,
728 2231 771 2267 et
801 2227 932 2267 lector
963 2237 1053 2266 non
1085 2227 1252 2266 malicie
1285 2226 1366 2266 sed
1397 2228 1649 2278 ignorancie
1681 2227 1871 2266 ascribat
1901 2229 1944 2265 et
1973 2236 2065 2265 cor-

193 2287 326 2338 rigat«
363 2316 372 2325 .
405 2315 415 2326 .
449 2319 457 2326 .
504 2284 875 2337 (Commentarius
917 2284 986 2324 hic
1027 2287 1070 2325 in
1102 2286 1234 2324 veteri
1266 2284 1465 2336 catalogo
1498 2288 1649 2324 nostro
1681 2284 1792 2324 falso
1824 2283 2066 2324 attribuitur

193 2343 369 2384 Alberto
401 2342 596 2395 Magno.)

338 2400 367 2441 f.
398 2398 672 2442 3132—330b
708 2400 912 2441 »Materia
942 2402 985 2440 in
1016 2401 1170 2440 librum
1202 2399 1310 2440 Job‹
1348 2402 1479 2452 (opus
1512 2403 1753 2448 mancum).

339 2459 366 2500 f.
398 2455 672 2500 331ῑ’--332“ι
707 2457 913 2499 »Materia
943 2458 1140 2510 aliqualis
1172 2469 1304 2510 super
1337 2457 1593 2498 Proverbia«
1628 2458 1970 2510 (fragmentum).

339 2529 532 2578 Operculo
564 2530 672 2568 infer.
706 2530 921 2576 adligatum
962 2534 1021 2566 est
1052 2529 1310 2576 fragmentum
1342 2531 1555 2567 membran.
1589 2530 1739 2566 codicis
1772 2530 1978 2566 cuiusdam
2017 2529 2063 2565 li-

193 2589 333 2635 turgici
363 2598 467 2626 saec.
498 2587 601 2625 XIV.
632 2587 756 2625 Vetus
788 2589 888 2635 sign.
920 2588 964 2635 B,
999 2588 1064 2626 20.

336 2699 425 2753 76!
776 2700 811 2751 I
813 2701 869 2750 V.
913 2699 970 2750 G.
1007 2700 1088 2750 29.
1122 2710 1182 2756 (Y.
1208 2711 1274 2745 111.
1300 2712 1332 2745 4.
1357 2722 1390 2745 n.
1415 2712 1464 2756 8.)

199 2793 344 2834 chart.
375 2804 492 2834 saec.
523 2792 615 2834 XV
641 2794 716 2844 in„
731 2794 792 2849 ff
824 2795 925 2845 168,
955 2795 1113 2836 21·5Χ
1131 2795 1190 2835 15
1216 2806 1300 2835 cm.
1334 2795 1375 2834 d.
1407 2807 1466 2835 m.

341 2872 593 2916 Sermones
625 2875 681 2916 de
713 2875 891 2917 sanctis
932 2887 1015 2928 per
1060 2875 1286 2916 circulum
1333 2875 1445 2916 anni
1492 2886 1598 2915 cum
1642 2874 1754 2915 vitis
1801 2874 2068 2916 eorundem.

197 2931 370 2981 (Insunt
420 2934 548 2973 etiam
599 2936 711 2974 vitae
754 2938 1035 2986 patronorum
1083 2933 1320 2973 Bohemiae
1368 2937 1410 2973 et
1452 2936 1618 2985 passim
1651 2937 1780 2973 notae
1813 2932 2068 2972 bohemicae

197 2992 306 3030 inter
336 2990 472 3030 lineas
503 2994 546 3031 et
575 2993 617 3031 in
649 2995 877 3043 margine.)
913 2992 1183 3032 »Ambulans
1214 2990 1347 3030 Jesus
1373 3022 1382 3032 .
1410 3022 1418 3030 .
1446 3023 1456 3032 .
1482 2989 1620 3031 Gorra
1652 3001 1904 3042 exponens«
1934 2991 1976 3028 ><
2004 2994 2071 3030 »et

199 3049 388 3087 maxime
420 3049 727 3100 simplicibus«

343 3118 396 3155 Ut
426 3115 563 3156 Hanus
595 3121 914 3158 bibliothecarius
945 3123 985 3158 in
1019 3121 1199 3167 catalogo
1230 3123 1356 3156 vetere
1388 3120 1604 3165 adnotavit,
1637 3119 1753 3155 huius
1786 3120 1934 3156 codicis
1961 3130 2072 3166 oper-

199 3176 300 3213 culis
333 3177 426 3213 olim
458 3177 630 3223 adligata
660 3183 769 3215 erant
809 3180 1024 3216 membran.
1071 3178 1289 3225 fragmenta
1334 3177 1589 3214 vetustissimi
1635 3177 1815 3214 Dalemili
1860 3177 2068 3222 bohemici,

199 3244 299 3281 quae
331 3244 436 3270 nunc
467 3235 675 3281 separatim
707 3241 959 3273 asservantur
988 3237 1143 3283 (nescio
1175 3238 1256 3280 ubi,
1302 3246 1391 3271 cum
1438 3237 1594 3272 diversa
1639 3235 1718 3271 sint
1750 3236 1797 3271 ab
1830 3235 1921 3281 illis,
1971 3246 2069 3281 quae

197 3294 246 3329 de
278 3293 366 3328 cod.
399 3291 447 3328 X.
479 3291 521 3329 F.
556 3293 580 3329 6
612 3294 841 3340 deprompta
874 3283 964 3332 Cas.
998 3293 1102 3331 Mus.
1142 3294 1243 3330 1861
1281 3295 1385 3330 edita
1416 3294 1540 3339 sunt).
1587 3292 1682 3329 Item
1715 3294 1931 3329 notandum
1963 3303 2071 3339 oper-

267 3439 473 3477 TRUHLAl'Q:
493 3446 560 3476 cat.
578 3448 651 3476 eod.
671 3447 727 3476 iat.
1104 3440 1172 3473 305
1900 3440 1935 3468 20
