2476 3782
1138 299 1215 339 261

238 445 443 481 cernentis.
475 442 609 479 Eidem
640 444 761 478 asseri
793 441 1079 487 adglutinatum
1111 446 1171 477 est
1202 441 1267 478 fol.
1302 442 1438 486 chart„
1471 444 1524 478 in'
1543 454 1620 489 quo
1654 445 1810 490 copiata
1841 446 1900 479 est
1933 442 1988 480 M.
2032 443 2106 480 Jo-

235 501 394 539 hannis
425 501 517 538 Hus
548 499 732 546 epistola
761 499 921 544 scripta
950 498 1226 535 universitati
1275 499 1481 546 Pragensi
1530 500 1603 537 fer.
1637 500 1675 538 V
1705 505 1804 538 ante
1837 499 2034 548 vigiliam
2069 513 2107 537 s.

234 558 350 597 Petri
381 557 680 608 (Constantiae
711 555 778 594 27.
811 557 899 593 iun.
937 555 1063 599 1415)
1111 567 1200 593 cum
1232 557 1305 593 hac
1338 562 1452 593 nota:
1521 558 1624 594 »Hec
1656 560 1823 604 epistola
1853 562 2001 606 scripta
2032 564 2091 595 est

235 628 304 666 per
332 617 438 664 Mag.
468 617 685 654 Johannem
733 616 774 651 in
820 613 1062 651 Constancia
1108 619 1271 651 mortem
1311 616 1590 661 prestolantem
1622 628 1645 652 a
1678 618 1946 663 spiritualibus
1979 622 2104 654 torto-

237 676 345 713 ribus
375 675 556 712 videlicet
594 673 860 710 cardinalibus
903 674 1208 720 archiepiscopis
1241 678 1313 711 ete.
1348 678 1385 709 et
1415 673 1468 711 M.
1502 673 1702 720 Stephano
1735 675 1872 711 Palecz
1906 687 1996 712 cum
2034 675 2113 711 Mi-

237 734 398 771 chahele
429 733 477 769 de
508 731 672 768 Caussis
705 736 776 768 etc.
810 742 845 769 a.
879 732 916 767 d.
955 730 1144 777 14(15).«
1193 731 1380 778 (Aliunde
1414 733 1472 768 ed.
1506 732 1678 778 Palaeky
1709 733 1873 771 Docum.
1910 746 1947 780 p.
1988 732 2108 781 142).

237 791 286 830 A.
322 791 430 829 1609
462 791 588 827 codex
617 794 698 826 erat
728 789 822 826 bibl.
854 789 1178 835 Rosenbergicae,
1222 791 1311 826 dein
1344 794 1512 827 monast.
1546 789 1822 829 TiebonensiS.

376 902 483 957 259
1064 903 1102 951 I.
1140 902 1193 950 F.
1231 902 1312 952 27.

237 996 382 1037 chart.
412 1007 531 1037 saec.
563 993 924 1036 XVII—XVIII
945 995 998 1049 ff.
1032 995 1119 1036 178
1148 1008 1287 1045 num„
1319 996 1514 1038 20><16
1543 1009 1626 1037 cm.
1660 997 1701 1037 d.
1734 1009 1797 1037 m.

383 1077 409 1118 f.
448 1077 586 1118 1-39
616 1077 784 1118 Isidori
829 1089 857 1117 a
888 1077 932 1118 S.
963 1077 1160 1127 Joanne,
1193 1080 1375 1117 ministri
1407 1088 1552 1129 gener.
1586 1079 1678 1118 ord.
1701 1078 1864 1122 Trinit..
1898 1079 2111 1130 Epistola

238 1135 495 1187 spiritualis
555 1147 609 1177 ac
659 1135 990 1176 exhortatoria.
1036 1135 1271 1186 Impressa
1317 1135 1750 1188 Caesar-Augustae
1798 1148 1880 1188 per
1927 1137 2117 1178 Petrum

235 1192 413 1246 Verges
444 1206 485 1234 a.
520 1193 629 1234 1637
661 1193 1050 1246 (Apographum).

381 1263 408 1304 f.
440 1263 642 1304 40-103
673 1263 1012 1314 Compendium
1042 1264 1325 1315 geometriae
1355 1265 1587 1315 practicae
1619 1262 1682 1319 (in
1713 1265 1800 1305 fine
1831 1266 2056 1318 german).

382 1333 410 1374 f.
448 1333 666 1374 104-121
702 1332 874 1374 Notata
904 1344 964 1373 ex
994 1333 1188 1374 Achillis
1219 1333 1351 1374 ducis
1372 1333 1755 1386 Wiirtenbergiae
1774 1336 2118 1377 consultatione

237 1390 294 1432 dc
323 1391 588 1444 principatu
620 1391 744 1431 inter
773 1391 1039 1442 provincias
1071 1390 1300 1442 Europae.

381 1460 408 1501 f.
447 1460 665 1500 122—151
701 1457 914 1508 Tancistr,
945 1460 1226 1510 Wenceslai‚
1267 1465 1380 1502 tunc
1419 1462 1644 1513 temporis
1677 1464 1855 1514 poetae,
1889 1463 2112 1504 Correcta

237 1518 447 1560 carmina
475 1520 564 1559 sub
596 1518 712 1570 Mag.
743 1518 993 1559 Francisco
1026 1519 1256 1559 Petrasch
1287 1520 1359 1560 die
1396 1521 1461 1561 14.
1492 1520 1611 1562 Nov.
1648 1520 1774 1561 1706.

382 1577 409 1617 f.
449 1576 674 1617 152-160
703 1576 753 1617 B.
784 1576 826 1618 J.
857 1577 911 1618 A.
944 1576 1179 1618 Hoffmani
1211 1578 1502 1630 symbolicae
1534 1579 1791 1620 allusiones
1823 1579 1871 1619 in
1902 1579 2110 1620 illustres

237 1646 371 1676 ceras
413 1645 498 1676 seu
527 1635 812 1686 gentilitium
842 1637 1005 1684 (cetera
1036 1635 1196 1676 desunt
1241 1637 1419 1677 dimidio
1464 1639 1570 1677 tituli
1611 1637 1714 1677 folio
1762 1641 1919 1682 scisso.
1955 1639 2034 1678 sed
2067 1642 2110 1678 in

237 1692 265 1734 f.
303 1692 383 1733 156
414 1700 814 1733 commemorantur
858 1695 1050 1734 »heroes
1091 1693 1489 1747 Turrazvillani«).
1531 1695 1577 1735 In
1619 1697 1802 1747 epistola
1844 1696 2110 1736 dedicatoria

239 1751 342 1792 data
370 1750 691 1802 Micro-Pragae
722 1751 791 1791 30.
820 1752 912 1803 Julii
948 1750 1059 1791 1666
1091 1753 1378 1793 subscribitur
1408 1758 1571 1794 auctor.
1615 1753 1759 1806 (Opus
1793 1754 1816 1793 7
1850 1756 2112 1806 imaginibus

239 1810 408 1850 calamo
440 1809 664 1849 delineatis
697 1810 932 1860 ornatum.)

384 1867 412 1908 f.
449 1867 675 1909 161—163
705 1867 903 1919 Josephi
923 1867 1113 1908 Macarii
1128 1869 1294 1920 Ignatii
1310 1869 1586 1920 Luniaczek,
1609 1871 1902 1921 eloquentiae
1920 1871 2107 1921 alumni,

238 1924 414 1974 Oratio,
462 1925 512 1965 in
544 1937 634 1976 qua
675 1925 974 1966 dissuadetur
1014 1926 1173 1967 iuveni
1220 1927 1420 1978 cuipiam
1464 1929 1562 1969 vita
1591 1928 1822 1980 religiosa,
1865 1929 1912 1968 in
1943 1930 2118 1970 rostris

237 1982 721 2035 Kuttenbergensibus
754 1984 1012 2024 declamata
1039 1983 1108 2025 27.
1143 1985 1254 2026 maii
1291 1984 1413 2026 1707.

297 2095 300 2097 ‚
384 2041 412 2082 f.
450 2041 675 2082 164—168
722 2042 1030 2094 Fragmentum
1077 2046 1284 2084 orationis
1335 2045 1566 2084 cuiusdam
1609 2045 1662 2084 de
1703 2045 1962 2096 gratitudine
1995 2049 2112 2086 initio

239 2110 437 2140 mancae.
470 2099 557 2149 (Ex
588 2100 996 2152 chronogrammate
1029 2104 1147 2152 patet
1176 2114 1214 2142 a.
1254 2102 1396 2152 1669).

384 2157 411 2198 f.
449 2157 1026 2210 169—1761nscriptiones
1049 2157 1299 2211 Romanae,
1332 2173 1448 2212 quae
1470 2161 1801 2205 Albae-Juliae.
1826 2162 1936 2201 dum
1960 2163 2122 2203 eadem

239 2215 289 2256 in
320 2214 586 2257 carolinam
618 2219 889 2266 mutaretur,
920 2220 1131 2268 repertae
1165 2222 1294 2258 sunt.

386 2273 414 2314 f.
452 2273 678 2315 177—178
708 2274 846 2315 Notae
877 2278 1021 2315 variae
1055 2277 1211 2316 latinae
1249 2280 1291 2316 et
1320 2280 1608 2328 germanicae.

379 2388 488 2442 26⁰
1068 2391 1105 2439 I.
1144 2391 1196 2439 F.
1234 2391 1315 2440 28.

242 2482 385 2523 chart.
417 2494 532 2524 saec.
565 2483 682 2525 XIV
706 2484 847 2538 ex.ff.
879 2485 978 2529 130.
1007 2485 1204 2526 23><15
1231 2497 1315 2526 cm.
1351 2486 1394 2525 d.
1427 2498 1487 2525 m.

387 2563 639 2606 Sermones
671 2565 847 2606 diversi
879 2566 933 2606 de
964 2569 1174 2617 tempore
1206 2570 1253 2607 et
1283 2566 1339 2607 de
1372 2567 1564 2608 sanctis.

386 2632 414 2674 f.
451 2631 699 2675 129b-130
734 2634 882 2675 »Nota
917 2634 1056 2686 Digne
1098 2638 1524 2677 communicantibus
1566 2638 1739 2688 largitur
1781 2638 1891 2677 deus
1923 2642 2114 2689 quatuor

241 2690 398 2731 bona.«
432 2690 604 2740 (Sermo
636 2693 690 2732 de
722 2697 940 2733 nativitate
973 2693 1135 2734 domini
1167 2697 1209 2734 in
1241 2694 1269 2734 f.
1308 2695 1380 2734 15a
1411 2697 1657 2746 germanice
1690 2696 1879 2744 desinit).

380 2751 428 2788 A.
466 2753 572 2789 1609
605 2755 730 2790 codex
763 2754 854 2792 bibl.
887 2754 1210 2800 Rosenbergicae,
1244 2756 1383 2791 deinde
1415 2759 1582 2792 monast.
1615 2754 1877 2792 Tiebonensis
1910 2757 1993 2793 fuit.

382 2864 471 2918 261
1070 2869 1107 2917 I.
1147 2868 1199 2916 F.
1238 2869 1319 2916 29.

243 2957 388 2998 chart.
418 2969 536 2999 saec.
569 2957 661 2999 XV
686 2960 746 3002 in.
772 2960 823 3014 ff.
854 2961 954 3010 175,
985 2962 1038 3002 21
1060 2963 1180 3002 ><15
1208 2973 1288 3001 cm.
1322 2963 1344 3002 1
1381 2974 1439 3001 m.

388 3039 416 3079 f.
455 3040 580 3079 1-2-
609 3043 751 3090 (rubr.)
787 3042 879 3082 »Ad
912 3046 1171 3083 exercicium
1204 3044 1454 3083 humilitatis
1486 3046 1677 3094 quinque
1711 3049 1935 3094 prosunt«

389 3097 416 3137 f.
450 3095 628 3138 2·—29¹²
667 3099 887 3141 Formula
932 3101 1238 3141 noviciarum.
1286 3101 1577 3140 »Desiderasti
1618 3113 1645 3140 a
1676 3112 1769 3141 me«
1807 3103 1850 3139 ><
1887 3103 1991 3142 »sibi
2023 3106 2104 3154 ipsi

244 3155 445 3206 placitam
477 3159 518 3195 et
548 3159 737 3208 quietam
770 3163 973 3199 mentem.
1006 3159 1189 3199 Amen«

389 3212 416 3252 s.
448 3211 657 3254 30⁵—33b
696 3215 945 3266 Speculum
987 3218 1336 3257 monacharum.
1385 3216 1474 3256 »De
1517 3216 1742 3267 diligencia
1772 3218 1988 3258 horarum.
2030 3218 2116 3258 Co-

243 3272 348 3322 gitet
377 3271 495 3322 apud
529 3283 577 3311 se
611 3275 837 3313 monialis«
873 3276 915 3312 ><
954 3286 1079 3314 »sese
1112 3278 1298 3315 invictus
1330 3278 1503 3314 animus
1536 3285 1623 3314 non
1657 3276 1859 3316 relaxet«

1149 3424 1212 3456 107
