2476 3782
1272 342 1285 381 1
1295 342 1380 383 324

526 481 552 521 f.
591 482 634 521 1⁸
665 480 838 532 (Initium
870 479 1030 531 comm.)
1077 478 1229 520 »Circa
1259 483 1433 520 inicium
1465 480 1589 520 Alani
1622 479 1676 518 de
1709 479 1884 530 planctu
1914 482 2067 518 nature
2098 482 2252 519 notan·

389 539 517 579 dum«
555 540 597 576 ><
627 538 654 578 f.
694 536 795 578 137'0
847 538 925 577 »de
958 540 1083 578 cuius
1116 537 1235 577 fonte
1267 541 1534 578 manarunt.
1563 568 1570 577 .
1599 570 1607 578 .
1636 569 1643 576 .
1677 535 1769 577 Sub
1800 548 1838 576 a.
1874 534 1984 576 1443
2015 535 2090 577 fer.
2123 538 2255 576 tercia

387 599 585 649 proxima
615 599 715 648 post
745 595 905 635 festum
937 595 1164 635 Michaelis
1196 607 1272 647 per
1303 607 1461 636 manus
1493 598 1643 635 nescio
1675 597 1825 635 cuius«
1863 593 1976 646 (sic).

527 697 666 751 1324
1168 697 1273 748 VIJ.
1312 698 1364 747 F.
1402 699 1448 748 5.

387 782 528 821 chart.
559 791 674 821 saec.
706 779 823 820 XIV
847 791 908 820 ex.
939 780 989 834 ff.
1020 779 1120 830 102,
1149 779 1202 820 21
1224 780 1385 821 ><15·5
1411 792 1495 820 cm.
1528 780 1567 820 d.
1601 792 1659 821 m.

500 861 525 902 f.
566 860 740 900 1⁸-212
785 860 1046 912 Fragmenta
1095 862 1406 912 opusculorum
1451 860 1725 912 quorundam
1758 861 1948 899 carentia
1977 861 2109 908 initio,
2142 869 2253 910 quae

385 922 427 959 in
459 918 487 958 f.
519 919 568 959 21
606 922 803 958 truncato
836 921 898 958 sic
930 919 1241 958 absolvuntur:
1279 918 1487 970 »Explicit
1518 918 1742 958 secundus
1764 917 1868 956 liber
1885 917 2251 968 soliloquiorum«.

524 976 550 1015 f.
584 976 798 1016 228--438
835 976 1102 1016 »Summula
1132 976 1340 1016 rudium«
1375 976 1683 1017 sacerdotum.
1722 974 1859 1027 »Quia
1879 977 1998 1014 varia
2019 974 2133 1014 dicta
2154 984 2254 1013 san-

387 1038 579 1074 ctorum«
615 1035 660 1073 ><
690 1037 794 1083 (cap.
830 1037 881 1072 33
914 1047 1032 1073 casus
1063 1036 1243 1083 papales)
1287 1045 1389 1086 »pro
1437 1037 1665 1086 parentum
1698 1034 2022 1085 percussione«
2057 1030 2253 1081 (Schulte

386 1103 474 1132 non
507 1091 754 1144 recensuit).

522 1150 548 1190 f.
581 1149 796 1189 4312—45211
833 1149 1004 1190 »Dolus
1036 1148 1219 1189 mundi«
1268 1149 1490 1201 (Carmen
1518 1148 1791 1200 vagantium
1822 1147 2106 1188 scholarium
2137 1146 2249 1186 edid.

386 1206 555 1256 Hofler,
589 1206 742 1259 Script.
775 1219 853 1248 rer.
886 1208 985 1248 hus,
1017 1207 1063 1257 ΙΙ,
1096 1208 1183 1257 51).

523 1265 550 1304 f.
582 1266 662 1305 45a
691 1265 1020 1316 Fragmentum
1057 1264 1288 1306 »Occulti«
1324 1264 1507 1305 Nicolai
1538 1265 1593 1305 de
1624 1263 1762 1304 Bibra
1791 1263 1878 1312 (ed.
1910 1262 2103 1312 ibidem).

523 1323 548 1363 f.
582 1322 796 1363 468-80ει
842 1322 1058 1375 Dionysii
1110 1322 1304 1364 Catonis
1355 1322 1519 1363 Ethica
1568 1322 1642 1374 (z
1660 1321 1888 1372 Disticha)
1941 1332 2047 1361 cum
2095 1319 2255 1371 glossa

386 1380 642 1432 marginali.
679 1380 895 1421 ›Senecaz
930 1380 975 1421 Si
1007 1385 1047 1420 te
1081 1382 1276 1421 moribus
1309 1385 1350 1420 et
1370 1381 1598 1420 virtutibus
1621 1381 1873 1419 lactaveris«
1900 1380 2048 1427 (textus
2061 1376 2090 1427 ι)
2117 1375 2253 1417 »Cum

386 1439 801 1479 animadverterem«
837 1440 880 1476 ><
915 1442 1172 1479 »consorcio
1206 1441 1324 1490 regni
1357 1439 1592 1489 polorum<
1629 1436 1815 1486 (Textus
1848 1448 1936 1476 non
1968 1439 2034 1475 est
2056 1437 2253 1486 integer.)

524 1496 549 1536 f.
584 1496 798 1537 81ἃ-94ει
834 1496 1175 1537 »Auctoritates
1197 1496 1585 1548 philosophorum
1602 1495 1857 1536 secundum
1873 1493 2083 1534 ordinem
2099 1493 2252 1544 alpha-

388 1553 521 1594 beti«.

525 1611 552 1651 f.
586 1610 801 1652 943-961)
833 1612 1041 1663 (Henrici
1083 1612 1138 1652 de
1178 1611 1370 1662 Hassia)
1413 1611 1661 1662 Speculum
1703 1610 1884 1650 animae
1927 1611 2050 1658 (alter
2079 1609 2252 1648 titulus:

386 1668 626 1710 Tractatus
658 1670 714 1710 de
745 1670 999 1710 christiana
1028 1670 1162 1722 vita).
1212 1669 1431 1710 »Onerant
1461 1672 1606 1709 anima
1637 1672 1702 1708 te«
1737 1669 1780 1705 ><
1817 1669 2033 1707 »ultimam
2065 1667 2254 1705 reducci-

388 1738 530 1766 onem.
565 1727 682 1767 Finis
716 1729 881 1779 speculi
913 1731 1094 1767 anime«

526 1785 552 1825 f.
586 1783 831 1825 97b—-lOOb
864 1786 1074 1836 Hugonis
1107 1785 1163 1826 de
1194 1784 1372 1825 Folieto
1403 1784 1539 1824 Liber
1569 1784 1624 1824 de
1655 1783 1859 1824 claustro
1881 1782 2074 1822 animae.
2103 1781 2256 1821 »Intro-

388 1842 512 1882 duxit
543 1855 637 1882 me«
676 1844 718 1880 ><
754 1848 960 1895 »quartus
994 1844 1233 1883 beatorum.
1267 1843 1453 1894 Explicit
1484 1843 1719 1882 claustrum
1753 1844 1895 1881 anime
1926 1839 2165 1891 Hugonis«

526 1900 553 1940 f.
592 1899 863 1941 lOOb-wlOZb
895 1901 1114 1953 Excerpta
1145 1905 1188 1940 et
1218 1901 1460 1952 fragmenta
1493 1900 1723 1951 quaedam.

531 2002 661 2055 1325
1158 2003 1269 2053 VII.
1308 2004 1361 2052 F.
1401 2004 1445 2051 6.

391 2096 534 2136 chart.
565 2108 682 2137 saec.
713 2097 804 2137 XV
823 2098 874 2150 ff.
907 2097 1005 2145 174,
1038 2097 1232 2138 20><15
1260 2109 1343 2138 cm.
1376 2097 1404 2137 2
1439 2109 1499 2136 m.

525 2177 552 2217 f.
591 2178 797 2217 13--115ιι
828 2178 1037 2230 (anepigr.)
1079 2178 1138 2218 M.
1177 2178 1407 2219 Johannis
1438 2178 1539 2217 Hus
1572 2176 1821 2217 Sermones
1853 2176 1908 2216 de
1940 2174 2117 2216 sanctis
2150 2185 2257 2215 cum

386 2234 559 2285 glossis
592 2236 861 2275 bohemicis.
913 2235 1075 2276 »Nolite
1108 2238 1299 2276 arbitrari
1326 2269 1334 2276 .
1361 2268 1370 2276 .
1398 2269 1407 2276 .
1435 2268 1441 2274 .
1476 2236 1714 2286 Postquam
1747 2235 1936 2273 salvator
1983 2236 2075 2272 suis
2123 2233 2254 2272 disci-

389 2293 501 2343 pulis
534 2293 651 2332 dedit
682 2297 941 2344 potestatem
975 2295 1249 2345 predicandi«
1286 2295 1329 2331 ><
1365 2298 1431 2333 »et
1462 2294 1592 2333 ambo
1624 2295 1975 2332 conservantur.«

526 2351 549 2389 f.
589 2350 858 2390 lica—133³
890 2353 1051 2392 Sermo
1084 2352 1139 2392 de
1170 2352 1391 2403 passione
1434 2349 1623 2392 Christi.
1681 2350 1923 2401 »Egressus
1964 2348 2094 2387 Jesus
2137 2351 2255 2387 trans

388 2411 657 2447 torrentem.
687 2440 766 2448 ...
816 2408 1053 2455 Carissimi,
1101 2421 1232 2461 quam
1274 2413 1341 2449 vis
1387 2410 1592 2460 indignus
1639 2410 1877 2448 nunccius«
1927 2410 1974 2456 ><
2023 2406 2254 2446 »sedentes

388 2469 539 2504 contra
573 2467 863 2516 sepulcrum«

527 2523 552 2561 f.
592 2522 855 2563 1332—1741’
905 2527 1116 2574 (anepigr.)
1165 2525 1221 2565 Μ,
1269 2524 1501 2565 Johannis
1545 2524 1644 2563 Hus
1685 2523 1851 2563 Passio
1898 2521 2073 2562 Christi
2104 2531 2162 2561 ex
2191 2518 2256 2560 IV

388 2581 694 2630 evangelistis
727 2585 786 2630 (in
819 2583 905 2622 fine
938 2584 1149 2632 mutilata)
1183 2582 1254 2632 (cf.
1288 2583 1384 2622 edit.
1418 2581 1687 2632 Norimberg.
1721 2581 1767 2620 II.
1801 2580 1859 2632 9).

526 2653 572 2689 A.
612 2653 718 2689 1609
752 2655 876 2689 codex
907 2658 987 2690 erat
1018 2654 1110 2690 bibl.
1144 2655 1466 2700 Rosenbergfeae,
1498 2657 1636 2699 postea
1668 2657 1840 2688 monast.
1873 2650 2178 2687 Borovanensis.

527 2753 649 2806 1326
1154 2754 1266 2803 VII.
1304 2754 1356 2803 F.
1398 2755 1441 2803 7.

387 2840 529 2880 chart.
562 2853 677 2881 saec.
710 2841 827 2881 XVI
836 2841 898 2894 ff
930 2842 1017 2882 150
1046 2853 1183 2892 num„
1215 2841 1406 2882 20><14
1437 2853 1520 2881 cm.
1552 2840 1575 2880 1
1611 2851 1667 2879 m.

385 2913 521 2955 Vitae
552 2915 883 2966 imperatorum
914 2916 1228 2956 Romanorum
1259 2928 1286 2956 a
1304 2915 1346 2957 J.
1369 2915 1568 2956 Caesare
1585 2925 1733 2965 usque
1750 2915 1807 2954 ad
1827 2910 2252 2954 MaximilianumII

387 2983 492 3012 cum
537 2973 814 3024 imaginibus
846 2975 1101 3014 eorundem
1131 2974 1389 3024 impressis,
1431 2985 1490 3013 ex
1526 2971 1616 3012 alio
1656 2972 1855 3022 quodam
1891 2982 2030 3022 opere
2068 2969 2248 3010 sumtis..

525 3032 583 3068 Ex
616 3035 709 3070 bibl.
743 3045 842 3070 com.
876 3034 1015 3080 Ignatii
1047 3036 1094 3070 de
1127 3034 1336 3080 Sternberg
1365 3038 1431 3069 aut
1472 3043 1596 3068 novae
1639 3032 1896 3068 bibliothecae
1939 3030 2144 3067 Carolinae
2186 3033 2252 3065 aut

387 3092 596 3126 conventui
629 3091 886 3128 Hibernorum
920 3092 1102 3138 Pragensi
1135 3088 1260 3127 codex
1292 3093 1355 3127 hic
1387 3091 1535 3136 obtigit.

527 3179 659 3230 1327
1156 3180 1268 3229 VII.
1306 3180 1359 3228 F.
1395 3180 1442 3228 8.

387 3260 638 3300 membran.
672 3272 786 3301 saec.
817 3261 934 3301 XIV
951 3262 1003 3314 ff.
1035 3262 1134 3309 303,
1168 3262 1271 3301 195
1286 3264 1325 3298 ><
1344 3261 1446 3301 135
1474 3272 1555 3300 cm.
1587 3260 1610 3300 1
1636 3272 1696 3300 m.

937 3330 1226 3370 Breviarium
1259 3329 1318 3381 (in
1350 3329 1437 3369 fine
1468 3329 1694 3382 mutilum).

1285 3479 1351 3510 508
