2476 3782
1226 305 1305 346 561

344 445 547 485 Ostendit
578 447 770 496 inprimis
803 445 1025 496 propheta,
1057 445 1112 484 ad
1144 455 1274 496 quem
1307 444 1519 484 debemus
1541 446 1756 484 converti«
1784 446 1826 481 ><
1848 445 1873 484 f.
1898 442 2003 484 388¹·
2025 446 2205 496 (magna

343 502 381 541 V
413 503 536 552 feria)
571 505 950 554 »quociescumque
983 504 1090 542 enim
1123 502 1467 541 manducabitis«
1504 501 1622 553 (finis
1645 502 1801 554 deest).
1834 502 2049 542 Absoluta
2070 513 2202 554 expo-

343 563 496 600 sitione
528 563 570 600 in
602 559 642 599 ff.
676 559 905 600 389-438
937 563 1177 611 sequuntur
1207 563 1351 599 textus
1384 559 1663 611 epistolarum
1695 563 1737 599 et
1767 560 2090 611 evangeliorum
2128 571 2205 612 per

343 618 723 675 quadragesimam
756 618 981 657 bohemice
1012 618 1206 668 glossati.

487 676 679 724 Operculo
712 688 837 724 super.
870 677 1085 723 adligatum
1132 681 1189 713 est
1236 677 1369 722 fragm.
1419 678 1577 713 membr.
1611 677 1759 713 codicis
1792 687 1894 714 saec.
1927 676 2019 712 XIV
2050 687 2199 724 argum.

343 736 598 781 grammatici.

481 846 571 900 561
936 846 1032 896 III.
1072 847 1138 895 H
1174 848 1221 895 8.
1262 858 1321 900 (Y.
1349 857 1413 890 111.
1431 858 1463 890 2.
1481 868 1514 890 n.
1544 858 1612 900 12.)

345 942 487 983 chart.
521 953 564 981 a.
597 940 711 982 1449
736 941 786 995 ff.
818 940 917 991 284,
948 941 1051 981 215
1063 941 1183 981 ><15
1209 952 1307 991 cm„
1338 940 1362 980 1
1396 952 1456 979 m.

343 1020 720 1063 Commentarius
753 1021 802 1061 in
832 1020 1104 1061 Aristotelis
1133 1020 1301 1061 libros:
1335 1020 1387 1059 de
1419 1023 1576 1069 anima,
1609 1022 1903 1072 physicorum,
1937 1021 1990 1060 de
2012 1021 2133 1060 caelo
2165 1024 2209 1060 et

343 1080 522 1127 mundo,
555 1079 888 1126 metheororum,
936 1079 989 1118 de
1021 1090 1157 1118 sensu
1189 1082 1230 1118 et
1261 1082 1452 1127 sensam,
1486 1078 1539 1117 de
1571 1082 1779 1118 memoria
1811 1083 1852 1118 et
1873 1081 2203 1126 reminiscentia,

345 1139 398 1177 de
432 1149 589 1177 somno
621 1140 663 1176 et
692 1137 846 1188 vigilia,
893 1138 1145 1186 ethicorum,
1178 1137 1626 1186 meteorologicorum,
1674 1137 1727 1175 de
1759 1136 1908 1175 formis
1943 1137 2204 1176 substantia-

348 1196 472 1244 libus,
506 1195 559 1234 de
592 1195 828 1241 elementis,
862 1194 915 1233 de
945 1196 1222 1246 generatione
1254 1198 1296 1233 et
1326 1196 1612 1244 corruptione,
1646 1195 2061 1245 metaphysicorum,
2114 1205 2209 1234 rne-

346 1255 608 1300 theororum,
651 1255 1045 1300 oeconomicorum‚
1088 1252 1357 1303 politicorum
1403 1262 1509 1291 cum
1554 1251 1909 1292 auctoritatibus
1955 1252 2208 1292 eorundem

1060 1309 1282 1349 librorum
1313 1309 1360 1348 in
1390 1308 1494 1348 fine.

491 1370 590 1406 Cum
623 1370 715 1405 alibi
745 1374 827 1405 tum
859 1370 882 1405 f.
921 1371 1022 1406 116⁸
1053 1370 1181 1405 scriba
1211 1379 1353 1405 nomen
1385 1379 1500 1404 suum
1530 1369 1701 1415 prodidit
1733 1370 1811 1405 sic:
1850 1369 1919 1405 »Et
1950 1371 2007 1406 sic
2038 1374 2097 1406 est
2116 1369 2206 1405 finis

346 1429 484 1464 horum
515 1430 630 1464 trium
659 1427 844 1463 librorum
877 1428 1025 1463 scilicet
1056 1429 1102 1462 de
1134 1437 1273 1463 somno
1306 1431 1341 1462 et
1370 1426 1516 1472 vigilia,
1549 1428 1595 1462 de
1620 1427 1916 1463 reminiscencia
1949 1432 1985 1463 et
2007 1427 2205 1471 memoria,

349 1489 394 1522 de
428 1497 547 1522 sensu
579 1491 616 1521 et
647 1490 806 1521 sensato
850 1484 884 1520 11
930 1485 994 1521 fer.
1029 1490 1116 1520 ante
1149 1484 1291 1520 Calixti
1323 1485 1361 1521 in
1393 1485 1461 1520 illa
1491 1484 1645 1530 syllaba
1676 1495 1748 1530 que
1782 1485 1820 1520 in
1853 1484 2021 1531 collegio
2071 1481 2205 1522 Karoli

346 1555 412 1590 per
444 1554 503 1578 me
535 1542 828 1579 Alexandrum
859 1542 927 1588 (de
957 1542 1183 1588 Trebovia)
1213 1544 1395 1588 protunc
1424 1541 1708 1578 baccalarium
1740 1548 1776 1578 et
1808 1543 1882 1578 hoe
1914 1554 1949 1578 a.
1983 1545 2020 1579 d.
2056 1541 2207 1579 1449«.

348 1601 521 1650 (Initium
553 1603 674 1646 deest,
707 1601 840 1637 dimid.
874 1599 940 1636 fol.
973 1600 1097 1636 ultim.
1130 1600 1329 1636 abscisum
1360 1602 1448 1645 est.)

486 1713 592 1766 562
940 1711 1040 1763 III.
1078 1711 1143 1760 H.
1182 1712 1228 1759 9.
1268 1722 1328 1764 (Y.
1354 1723 1381 1755 J.
1406 1723 1439 1755 2.
1463 1734 1499 1756 n.
1524 1724 1596 1764 73.)

349 1808 494 1847 chart.
529 1819 621 1847 cca.
654 1819 698 1847 α.
730 1805 839 1846 1461
871 1805 921 1858 ff.
952 1805 1052 1853 366,
1084 1805 1274 1845 22><16
1305 1817 1387 1845 cm.
1419 1806 1458 1845 d.
1489 1818 1548 1846 m.

488 1888 513 1927 f.
553 1886 711 1926 1—351
748 1886 863 1935 Mag.
894 1886 1162 1926 Wenceslai
1192 1886 1268 1937 (de
1298 1885 1526 1936 Drachov‚
1558 1887 1865 1938 praedicatoris
1913 1889 1954 1926 in
2001 1886 2213 1938 Betleem)

350 1946 600 1986 Sermones
647 1943 948 1985 dominicales
996 1956 1023 1984 a
1061 1948 1269 1995 tempore
1299 1944 1507 1994 paschali
1537 1955 1684 1995 usque
1725 1944 1782 1983 ad
1822 1944 2074 1984 adventum
2105 1955 2210 1984 cum

349 2003 523 2054 glossis
554 2002 810 2043 bohemicis
840 2001 1125 2042 textualibus
1157 2005 1203 2042 et
1233 2001 1576 2052 marginalibus.
1633 2000 1893 2041 »Sermones
1925 2003 2039 2041 bone
2071 2006 2113 2041 et
2142 2004 2210 2053 pie

350 2063 556 2100 memorie
587 2060 696 2111 Mgri
727 2059 1003 2099 Wenczeslai
1036 2060 1258 2099 reverendi
1283 2092 1290 2099 .
1317 2091 1324 2098 .
1350 2092 1357 2099 .
1383 2060 1527 2099 devoti
1559 2064 1601 2098 et
1631 2062 1730 2099 iusti
1752 2062 1827 2098 viri
1852 2090 1860 2099 .
1885 2093 1893 2101 .
1919 2090 1928 2099 .
1954 2060 2211 2111 presidentis

353 2123 396 2158 in
427 2119 673 2158 Bethleem«
711 2120 948 2169 (inscriptio
980 2120 1163 2157 tinctura
1194 2116 1471 2156 Giobertiana
1503 2118 1724 2168 paululum
1755 2120 1932 2165 vitiata).

489 2176 516 2215 f.
549 2175 658 2215 352³
687 2171 914 2215 Umucem‘
961 2174 1019 2214 M.
1065 2174 1185 2215 Jana
1224 2174 1343 2214 Husi
1373 2175 1555 2215 zlomek
1585 2171 1814 2226 konecny.
1866 2174 1921 2215 »S
1954 2178 2066 2215 zemi
2098 2175 2212 2215 dosti

351 2234 545 2273 hluboko
577 2236 617 2284 gi
649 2236 811 2284 gesstie
842 2233 1157 2284 wykopawsse
1189 2245 1246 2272 na
1277 2233 1385 2284 kary
1417 2244 1469 2272 su
1499 2233 1698 2284 wsypali,
1730 2244 1756 2271 a
1787 2244 1830 2271 w
1862 2232 1970 2284 Ryn,
2001 2244 2112 2284 genz
2148 2236 2212 2272 tu-

353 2292 445 2331 diez
476 2295 610 2339 tecze,
660 2292 845 2342 wsypali
878 2301 931 2329 su
961 2291 1074 2341 geho
1117 2291 1325 2341 pamatku
1356 2293 1576 2338 wiecznie,
1610 2301 1718 2329 czoz
1749 2294 1847 2340 gest
1876 2302 1934 2330 na
1964 2291 2064 2330 nich
2096 2291 2211 2343 bylo,

353 2349 523 2388 shladiti
556 2349 760 2388 chtiecze.
794 2348 984 2387 Alleluia.
1020 2346 1107 2387 Ora
1138 2359 1214 2399 pro
1247 2348 1374 2387 nobis
1407 2359 1440 2387 S.
1473 2347 1698 2387 Johannes
1730 2347 1837 2388 Hus
1872 2351 2038 2397 (rubr.:)
2069 2348 2212 2399 Expli-

353 2410 408 2446 cit
439 2409 589 2458 passio
623 2409 760 2445 sancti
792 2405 1004 2445 Johannis
1037 2406 1135 2444 dicti
1167 2405 1276 2446 Hus.
1310 2408 1502 2456 magistri
1534 2405 1763 2456 Pragensis
1805 2409 2096 2446 universitatis
2129 2406 2212 2445 sub

352 2477 390 2505 a.
424 2465 464 2506 d.
501 2463 606 2503 1461
641 2463 800 2503 finita«
866 2462 948 2514 (Cf.
995 2463 1243 2513 Jungmann
1275 2462 1337 2511 III,
1397 2463 1508 2511 158.)
1539 2463 1710 2511 (Passio
1743 2464 1850 2503 haec
1883 2467 2045 2503 inserta
2075 2463 2211 2503 fuisse

354 2522 523 2561 videtur
569 2524 758 2560 sermoni
791 2522 844 2560 de
875 2520 969 2560 Joh.
1004 2520 1113 2570 Hus,
1161 2526 1208 2559 ut
1238 2521 1398 2560 docent
1428 2521 1723 2560 additamenta
1755 2523 2025 2572 marginalia:
2083 2523 2211 2561 »Item

355 2581 494 2619 dilecti
527 2580 758 2622 christiani.
792 2582 972 2629 pensate
1005 2581 1302 2618 constanciam
1335 2581 1460 2617 istius
1491 2579 1704 2617 hominis«
1740 2577 1849 2629 etc).

493 2637 519 2676 f.
553 2634 821 2675 352⁵—366b
854 2635 1089 2676 Sermones
1122 2637 1230 2675 duo:
1285 2637 1324 2683 l)
1357 2636 1409 2675 de
1441 2636 1714 2687 martyribus,
1762 2636 1805 2683 2)
1837 2639 1877 2675 in
1915 2637 2106 2676 adventu
2139 2637 2213 2676 do-

356 2698 457 2734 mini
491 2698 663 2742 (carens
695 2694 813 2743 fine).

500 2754 693 2801 Operculo
727 2764 853 2800 super.
887 2753 1101 2799 adligatum
1132 2758 1190 2788 est
1221 2753 1478 2798 fragmentum
1509 2753 1534 2787 4
1566 2753 1604 2788 ff.
1638 2753 1677 2788 in
1721 2748 1766 2788 8⁰
1812 2754 1960 2789 codicis
2008 2754 2214 2790 cuiusdam

356 2814 476 2849 chart.
510 2823 612 2848 saec.
645 2811 730 2857 XV,
764 2822 841 2857 quo
874 2812 1172 2847 continebantur
1202 2809 1430 2846 Sermones
1461 2820 1558 2846 cum
1577 2809 1734 2856 glossis
1755 2811 1933 2847 textual.
1965 2810 2212 2847 bohemicis.

355 2870 448 2905 Item
481 2870 652 2915 adligata
683 2874 774 2905 sunt
804 2869 955 2914 utrique
996 2868 1179 2914 operculo
1226 2868 1359 2913 fragm.
1407 2868 1618 2903 membran.
1667 2869 1815 2904 codicis
1859 2870 2061 2905 cuiusdam
2110 2879 2214 2906 saec.

355 2926 446 2962 XIV
478 2938 624 2973 argum.
658 2926 912 2972 grammatici.

494 3039 601 3091 563
950 3037 1046 3086 Ill.
1086 3036 1152 3085 H.
1189 3037 1271 3086 10.
1310 3047 1369 3089 (Y.
1395 3047 1424 3079 Ι.
1453 3051 1481 3080 ι.
1508 3058 1540 3081 n.
1568 3049 1638 3089 70)

355 3130 498 3171 chart.
531 3144 574 3172 α.
604 3131 892 3171 1426-1428
906 3131 966 3184 ff
998 3130 1084 3171 294
1114 3143 1251 3180 num„
1282 3130 1560 3170 21·3><15·5
1587 3143 1670 3171 cm.
1703 3132 1726 3170 I
1760 3142 1817 3170 m.

470 3211 541 3251 Fr.
574 3211 753 3252 Nicolai
784 3213 839 3252 de
870 3211 977 3251 Lira
1005 3211 1197 3252 Postilla
1238 3221 1379 3260 super
1407 3210 1592 3251 Veteris
1623 3211 1908 3251 Testamenti
1938 3211 2100 3252 libros:

501 3269 526 3308 f.
566 3269 726 3309 1—76a
756 3269 931 3320 Regum
961 3268 1113 3308 I—IV.

1255 3417 1322 3449 230
