2476 3782
1151 260 1234 300 287

389 397 415 438 f.
459 397 534 438 89·
571 397 630 438 M.
671 398 910 439 Michaelis
958 399 1013 439 de
1043 399 1267 440 Malenicz
1309 400 1436 449 (dicti
1477 384 1636 449 (Eizek)
1678 400 1873 441 rectoris
1915 401 2122 443 univers.

242 453 494 506 Pragensis
526 455 725 507 epistola
750 458 808 497 ad
834 456 1191 497 universitatem
1217 457 1536 498 Viennensem
1558 458 1597 497 8.
1613 458 1697 510 jul.
1724 458 1833 498 1413
1861 458 1947 510 (ed.
1973 459 2126 500 Hosser

242 515 287 553 in
319 511 470 565 Script.
505 525 583 554 rer.
617 514 716 554 hus.
751 514 796 556 ΙΙ,
830 513 914 554 205
946 518 988 554 et
1019 514 1226 567 Palacky,
1262 515 1447 555 Docum.
1482 516 1600 564 512).

388 582 415 623 1.
448 581 526 623 89b
556 582 786 623 Johannis
831 583 932 623 Hus
974 584 1171 634 epistola
1210 596 1294 635 pro
1338 595 1454 635 mag.
1500 583 1787 636 Hieronymo
1834 590 1995 627 contra
2035 587 2112 628 Jo-

241 640 445 680 hannem
473 640 674 692 'Sywort,
705 651 822 692 mag.
845 639 1175 682 Viennensem.
1199 642 1295 691 (Ed.
1315 642 1474 682 ibidem
1492 642 1537 687 ΙΙ,
1556 642 1673 691 209.)
1690 643 1794 683 Item
1812 644 2110 695 Responsum

242 697 447 740 univers.
493 698 775 739 Viennensis
797 701 1003 739 univers.
1037 699 1264 750 Pragensi
1305 700 1354 739 in
1393 699 1485 740 fine
1526 711 1754 741 mancumv
1802 702 1900 751 (Ed.
1949 703 2108 743 ibidem

386 824 414 865 f.
446 824 682 865 91⁸—133=
712 826 952 867 Tractatus
985 827 1040 867 de
1071 827 1234 878 signis,
1281 839 1341 868 ex
1372 828 1538 879 quibus
1571 834 1916 880 cognoscuntur
1948 832 2105 871 haere-

239 881 322 924 tici
352 885 400 923 et
439 883 693 924 scismatici
718 884 851 925 initio
884 896 1077 925 mancus
1109 888 1338 937 (incipiens
1371 886 1514 926 medio
1552 886 1613 926 14.
1648 890 1787 938 signo,
1820 899 1921 928 cum
1953 893 2107 928 auctor

242 939 292 980 31
329 944 583 990 enumerat),
615 944 658 981 in
689 942 776 982 fine
808 946 990 994 copioso
1022 943 1162 983 indice
1204 947 1454 984 instructus.
1488 943 1651 993 (Media
1681 948 1844 997 aliquot
1884 946 1954 986 101.
2000 948 2110 986 lace-

242 1001 335 1038 rata
365 1001 501 1048 sunt.)

385 1067 413 1108 f.
450 1067 714 1109 1343-1363
737 1072 948 1119 (anepigr.)
966 1070 1193 1123 Querelae
1215 1075 1378 1112 contra
1393 1071 1680 1122 utraquistas
1703 1077 1993 1123 compactata
2015 1085 2110 1114 non

240 1129 486 1167 servantes
518 1131 566 1168 et
596 1139 780 1168 errores
803 1139 953 1169 novos
975 1129 1277 1169 seminantes.
1301 1128 1542 1181 »Tempore
1560 1131 1821 1170 electissimo
1839 1131 2106 1172 felicissimo-

240 1194 350 1236 que‹
386 1185 439 1237 ><
477 1185 605 1226 »Item
638 1187 834 1226 ordinem
875 1198 1049 1226 sacrum
1096 1187 1239 1227 furtim
1271 1191 1313 1227 et
1354 1188 1570 1227 mendoso
1603 1191 1756 1239 periuri
1791 1193 2035 1241 suscipiunt
2066 1194 2109 1229 et

241 1241 415 1283 dicunt«
451 1245 615 1292 (cetera
647 1244 837 1293 desunt).

383 1323 411 1364 f.
449 1317 714 1366 1373-1383
744 1324 881 1366 Notae
914 1327 1196 1378 theologicae,
1245 1338 1322 1366 cur
1367 1338 1455 1366 non
1503 1327 1627 1367 detur
1671 1329 1782 1368 calix
1823 1330 1953 1373 laicis,
2002 1332 2104 1369 item

239 1383 390 1422 contra
419 1383 527 1432 illos,
560 1387 632 1435 qui
664 1384 814 1424 dicunt
843 1387 885 1424 in
918 1395 1005 1424 una
1037 1388 1182 1435 specie
1215 1396 1316 1424 esse
1349 1384 1574 1424 dimidium
1607 1390 1943 1426 sacramentum.

385 1463 412 1504 s.
450 1463 529 1504 139
559 1464 630 1505 Fr.
663 1465 860 1506 Arnoldi
890 1465 1048 1505 Buerik
1071 1466 1276 1515 (Fabricx
1310 1465 1541 1515 Buderici)
1561 1466 1804 1508 Dictamen
1830 1468 2115 1509 ordinatum.

239 1519 457 1562 Disticha:
495 1521 566 1563 »Si
597 1526 664 1563 vis
697 1535 803 1575 pace
836 1523 941 1563 frui«
979 1525 1021 1561 ><
1058 1524 1212 1575 »dilige
1249 1528 1364 1564 stare
1398 1525 1555 1564 domi«

384 1591 412 1631 f.
451 1591 532 1632 140
562 1591 701 1632 Notae
736 1593 1021 1644 theologicae.

383 1673 411 1715 1.
448 1673 708 1714 141·-1463
738 1677 909 1723 (initium
950 1681 987 1713 et
1026 1677 1116 1714 finis
1149 1679 1309 1724 desunt)
1350 1675 1486 1716 Pauli
1514 1675 1553 1715 11
1606 1687 1752 1727 papae
1784 1677 1918 1717 binae
1950 1678 2102 1719 bullae

239 1731 468 1772 adversus
510 1731 762 1784 Georgium
806 1744 962 1784 regem
1003 1734 1136 1773 datae
1179 1745 1218 1774 a.
1255 1732 1364 1773 1468
1396 1736 1707 1783 (transsumtae
1740 1747 1794 1775 ex
1826 1738 2104 1787 originalibus

238 1788 383 1830 Hilarii
415 1790 568 1830 decani
602 1802 678 1842 per
708 1791 924 1831 Allexium
959 1790 1126 1831 Tumar
1148 1792 1271 1841 decr.
1307 1792 1455 1841 doct).

384 1871 411 1912 f.
449 1871 547 1911 1473
584 1871 899 1923 »Augustinus
931 1872 998 1912 De
1033 1872 1239 1913 sciencia
1277 1873 1482 1913 salutis«

383 1953 410 1993 1.
449 1951 717 1993 1483-1493
749 1956 959 2003 (anepigr.)
1001 1954 1059 1994 M.
1101 1954 1339 1995 Adalberti
1383 1955 1618 1995 Ranconis
1660 1955 1715 1996 de
1755 1955 1962 1997 Ericinio
2011 1957 2114 2008 Epi-

239 2011 363 2053 stola
393 2012 449 2052 de
481 2011 761 2062 obligatione
792 2012 1076 2063 regularium
1107 2024 1143 2052 s.
1177 2012 1441 2064 Augustini.

383 2092 411 2133 1.
450 2092 530 2132 150
558 2091 632 2132 Fr.
663 2092 887 2133 Ludovici
904 2094 959 2134 de
990 2093 1144 2134 Firmo
1176 2094 1271 2134 ord.
1306 2094 1413 2134 min.
1438 2094 1660 2135 Carmina
1678 2095 1727 2135 in
1746 2095 1932 2136 laudem
1953 2096 2113 2136 imma-

239 2150 420 2192 culatae
452 2150 771 2202 conceptionis
805 2153 845 2191 b.
877 2151 1051 2192 Mariae
1082 2153 1236 2192 tradita
1266 2152 1314 2191 fr.
1338 2152 1503 2192 Isidoro
1527 2152 1580 2192 de
1603 2152 1782 2193 Perusia
1798 2158 1949 2194 contra
1971 2166 2109 2206 oppu-

238 2212 443 2262 gnatores
491 2209 647 2249 celebri
691 2209 981 2261 disputatione
1023 2222 1062 2249 a.
1100 2209 1210 2250 1490
1240 2210 1465 2250 confusos.
1498 2211 1591 2250 Inc:
1630 2211 1782 2251 »Alma
1813 2211 1881 2251 dei
1913 2215 2108 2264 genitrix.

238 2269 359 2319 virgo
392 2270 685 2317 sanctissima,
721 2269 880 2308 salve«

383 2348 410 2388 1.
449 2348 523 2390 151
559 2347 743 2389 Nicolai
772 2349 984 2390 Wernirz
1024 2349 1256 2399 (Wamirz)
1302 2349 1370 2390 De
1409 2349 1556 2401 figura
1596 2362 1796 2391 coronae
1843 2352 1883 2390 b.
1915 2351 2113 2402 virginis

239 2405 411 2448 Mariae
443 2406 643 2458 epistola
673 2407 730 2447 ad
760 2406 807 2447 P.
840 2407 1091 2448 Andream.

385 2488 413 2529 1.
450 2488 550 2528 1543
554 2488 719 2529 -1583
750 2484 858 2529 Vita
888 2501 912 2528 z
933 2486 1088 2539 Krupe
1109 2484 1288 2540 Zprava
1309 2500 1336 2529 o
1358 2488 1555 2530 bludech
1570 2487 1910 2541 pikhartskych
1933 2502 1961 2531 a
1982 2502 2008 2530 o
2030 2502 2112 2542 vy-

239 2541 376 2587 znani
404 2545 524 2587 Jana
554 2543 710 2599 Leiky
739 2543 923 2598 podana
951 2558 988 2587 r.
1026 2545 1149 2586 1476.
1183 2546 1451 2598 (Jungmann
1483 2547 1546 2593 ΙΙΙ
1579 2547 1686 2596 689;
1719 2547 1854 2600 vytah
1884 2549 1985 2600 vyd
2011 2547 2111 2588 Goll

238 2615 292 2644 ve
324 2603 550 2656 Zpravach
583 2605 652 2644 Kr.
688 2606 796 2657 spol.
836 2605 945 2645 1878
978 2608 1050 2644 str.
1092 2604 1205 2654 162)

383 2673 409 2713 1.
448 2674 548 2714 1583
557 2673 716 2714 —158b
747 2670 964 2726 Vypsam'
1005 2669 1183 2714 sboruv
1227 2672 1581 2726 pikhartskych.
1629 2674 1819 2715 Seznam
1863 2673 1973 2725 tech,
2009 2673 2118 2716 kteri

243 2730 322 2771 »su
352 2731 514 2784 vydani
546 2745 571 2772 z
604 2733 750 2779 sboru,
785 2733 946 2772 bude-li
980 2729 1187 2784 potiebie‚
1221 2734 1309 2785 aby
1339 2745 1397 2773 na
1428 2737 1518 2773 tom
1550 2733 1684 2772 bludu
1715 2730 1928 2773 zemreli.«

383 2801 409 2841 1.
449 2799 716 2841 1583-1593
748 2801 885 2842 Notae
919 2803 972 2842 de
1008 2806 1156 2842 sectae
1197 2802 1503 2842 Waldensium
1535 2803 1764 2842 erroribus.

382 2869 408 2910 1.
447 2870 547 2911 1613
552 2871 717 2911 -1623
747 2869 883 2922 Zapis
915 2884 1036 2920 panu
1058 2883 1086 2912 a
1105 2868 1210 2912 obci'
1238 2871 1368 2924 kraje
1388 2870 1694 2913 Hradeckeho
1716 2883 1777 2912 na
1797 2874 1975 2912 obranu
1997 2874 2105 2923 pod-

237 2923 419 2980 oboji‘ch
461 2940 488 2968 a
529 2929 730 2980 biskupa
767 2930 1032 2981 Augustina
1071 2925 1275 2981 ucineny
1312 2941 1345 2970 v
1386 2930 1554 2970 Hradci
1594 2926 1795 2971 Kralove'
1830 2929 1895 2970 17.
1930 2942 2103 2971 cervna

240 2984 363 3026 1482.
400 2985 554 3027 »Crux
583 2987 638 3028 de
669 2987 800 3028 Telcz
830 2988 963 3028 Marie
995 2987 1115 3028 Nivis
1148 2991 1344 3040 scripsit«
1380 2989 1558 3037 (Archiv
1590 2987 1740 3040 Cesky
1771 2987 1822 3036 V,
1853 2988 1939 3029 408
1970 3001 1997 3028 a
2027 3001 2067 3029 n.
2087 2992 2116 3038 ).

382 3056 409 3096 f.
447 3055 526 3095 163
557 3056 711 3114 (svrsek
741 3060 834 3096 listu
866 3059 1018 3105 υῐΓΞεη)
1049 3058 1097 3098 ΖΙ
1115 3057 1256 3099 omek
1285 3058 1411 3106 listu,
1440 3058 1517 3109 jak
1549 3070 1597 3098 Se
1622 3057 1719 3104 Ζάέι,
1743 3058 1946 3110 biskupa
1961 3058 2113 3110 Augu-

235 3113 373 3164 stina‚
405 3111 617 3165 psaneho
650 3110 859 3157 Cechum
893 3115 1021 3157 1482.

382 3183 409 3224 f.
450 3183 527 3223 164
557 3183 660 3225 Dva
689 3185 804 3237 listy
834 3180 1043 3226 Praianfi
1085 3183 1203 3227 dane
1243 3197 1303 3237 po
1343 3182 1476 3226 bouri
1506 3198 1540 3226 r.
1577 3185 1700 3235 1483,
1726 3187 1867 3238 jeden
1897 3198 1938 3237 p
1977 3186 2112 3227 Voku

235 3253 259 3281 z
289 3238 591 3292 Roimberka,
624 3241 775 3295 druhy
807 3245 910 3284 obci
942 3240 1150 3285 Pisecke.
1175 3245 1355 3293 (Archiv
1386 3243 1536 3296 Cesky
1566 3243 1635 3291 VI,
1674 3245 1786 3294 196).

1150 3393 1213 3426 125
