2476 3782
1152 283 1238 324 310

258 423 626 464 diversificantur«
664 424 708 461 ><
743 422 887 462 »vund
922 423 998 462 thu
1030 422 1139 461 dasz
1171 421 1274 462 uffte
1306 422 1387 473 dyr
1417 424 1513 460 wirt
1544 421 1664 460 basz,
1699 421 1753 461 Et
1785 425 1950 461 tantum
1974 421 2027 460 de
2045 422 2127 461 illo.

258 481 372 533 Mag.
406 482 543 522 Albici
575 485 641 521 etc
673 486 721 521 ut
752 492 907 532 supra‹
943 479 1142 528 (Videtur
1173 491 1273 519 esse
1296 480 1596 530 apographum
1618 480 1709 518 libri
1733 482 1932 531 impressi
1956 478 2127 530 Lipsiae

258 551 295 580 a.
335 539 474 588 1484).

404 597 430 637 f.
462 594 654 637 66b—67
687 596 720 636 F
723 596 915 635 ormulae
947 595 1196 642 medicaleS,
1230 606 1295 635 ex.
1315 607 1375 646 gr.
1396 595 1500 634 salis
1524 594 1806 634 sacerdotalis
1840 605 1953 645 mag.
1979 594 2129 642 Albici,

258 655 447 706 pulveris
467 664 594 706 mag.
628 653 849 705 Stephani.

401 712 428 753 f.
460 711 656 754 esa—70
700 714 798 760 (alia
835 717 978 749 recent.
1020 713 1158 757 manu)
1198 709 1419 750 Matthiae
1452 710 1507 750 de
1538 709 1751 750 Mechow
1794 710 2131 749 vicecancellarii

257 773 450 811 univers.
484 769 790 811 Cracoviensis
821 768 1064 809 Tractatus
1095 767 1478 819 praeservativus
1508 768 1671 819 pestis.
1711 767 1937 808 »Studium
1960 768 2032 807 tibi
2055 767 2133 807 fuit

257 827 514 868 assiduum«
552 829 593 864 ><
629 830 698 866 »in
730 827 924 878 partibus
955 825 1119 878 frigidis
1152 826 1317 866 bonum
1350 827 1633 865 resolutivum
1666 831 1734 865 est
1764 825 1989 877 Tyriaca.«

401 887 547 924 Eadem
578 898 731 931 manus,
764 898 864 934 quae
895 890 1102 922 tractatum
1134 886 1324 922 Matthiae
1357 887 1403 922 de
1426 885 1594 922 Mechov
1626 886 1814 932 exaravit,
1847 886 1958 922 initio
1981 886 2130 922 codicis

257 946 364 982 aliud
395 945 630 993 opusculum
671 946 840 981 seribere
884 946 1023 991 coepit,
1067 944 1180 980 cuius
1213 955 1335 980 unum
1368 947 1519 980 tantum
1552 944 1687 980 folium
1730 948 1906 990 superest
1938 954 2025 980 cum
2057 944 2133 979 hoc

257 1003 397 1040 titulo:
434 1002 754 1039 »Maximilianus
786 1003 1017 1038 Romischer
1047 1002 1179 1048 Konig
1210 1003 1277 1038 hot
1308 1003 1392 1038 disz
1424 1006 1552 1048 recept
1583 1002 1676 1038 hern
1699 1001 1840 1038 Ernsto
1864 1001 2132 1038 Erczbischoff

259 1071 364 1098 vonn
406 1061 652 1107 Madeburgk
698 1064 836 1107 gesant
876 1071 947 1096 vor
988 1062 1041 1106 dy
1089 1061 1302 1106 pestilencz
1347 1071 1414 1106 ym
1448 1059 1554 1095 CXV
1595 1059 1723 1096 Jare«.
1769 1060 1861 1095 Post
1892 1061 1967 1096 hoc
1998 1059 2133 1095 folium

258 1130 402 1166 magna
431 1129 522 1166 pars
553 1119 702 1155 codicis
735 1120 857 1154 nostri
888 1118 1026 1154 evulsa
1057 1122 1127 1155 est.

395 1230 510 1284 3⁰8
1086 1230 1127 1281 I.
1169 1230 1227 1280 G.
1264 1230 1346 1280 32.

262 1325 405 1366 chart.
437 1336 555 1367 saec.
584 1324 751 1365 XVIII
759 1325 822 1379 ff
854 1324 923 1373 43,
954 1325 1058 1365 19·5
1078 1324 1197 1365 ><15
1225 1336 1308 1364 cm.
1340 1325 1364 1364 1
1399 1336 1460 1364 m.

410 1405 749 1458 Compendium
791 1405 1066 1448 rhetorices,
1099 1405 1243 1457 (Opus
1274 1409 1317 1445 in
1349 1405 1435 1445 fine
1469 1406 1724 1455 mutilatum,
1758 1408 1826 1444 cui
1858 1407 1940 1444 alia
1976 1415 2135 1444 manus

259 1467 303 1505 in
339 1464 366 1505 f.
398 1464 571 1504 40—43
602 1464 901 1504 additamenta
931 1464 1148 1516 quaedam
1182 1464 1436 1513 subiunxit).

399 1578 512 1632 309
1064 1579 1128 1632 .J.
1170 1579 1229 1628 G.
1265 1579 1346 1628 33.

266 1673 412 1714 chart.
445 1675 626 1725 autogr.
657 1684 774 1713 saec.
806 1671 972 1713 XVIII
994 1673 1044 1726 ff.
1076 1673 1147 1722 63,
1176 1672 1229 1712 21
1250 1672 1368 1713 ><16
1398 1684 1481 1712 cm.

400 1755 611 1803 (anepigr.)
641 1753 882 1794 Tractatus
913 1756 1076 1795 contra
1103 1753 1309 1794 Judaeos
1340 1752 1669 1794 demonstrans
1699 1753 1865 1794 Jesum
1897 1753 2138 1794 Christum

258 1822 425 1852 verum
453 1811 679 1852 Messiam
710 1822 829 1852 esse.
1153 1855 1155 1857 .

401 1869 487 1919 (Ex
518 1873 741 1921 prooemio
783 1873 900 1921 patet
939 1873 1162 1909 auctorem
1205 1872 1348 1920 operis
1390 1869 1526 1908 fuisse
1570 1869 1790 1921 quendam
1834 1869 2007 1909 fratrem
2040 1869 2136 1910 ord.

257 1930 419 1968 eremit.
452 1939 487 1968 s.
520 1928 751 1979 Augustini
792 1927 999 1976 Viennae,
1033 1930 1105 1979 qui
1127 1932 1257 1967 antea
1286 1930 1330 1967 in
1362 1931 1583 1967 conventu
1624 1927 1822 1967 eiusdem
1853 1928 2016 1967 ordinis
2047 1927 2131 1967 Ta-

259 1986 449 2026 boriensi
479 1988 658 2031 vixerat,
692 1997 806 2037 opus
838 1989 984 2025 autem
1016 1988 1161 2036 ipsum
1195 1988 1490 2036 conscriptum
1524 1996 1625 2024 esse
1657 1989 1759 2036 post
1801 1998 1837 2025 a.
1878 1985 2017 2035 1711).

401 2045 515 2082 Liber
545 2057 564 2082 e
597 2051 797 2083 conventu
828 2045 1058 2082 Taboriensi
1090 2047 1139 2082 ad
1172 2056 1246 2082 nos
1278 2045 1509 2091 provenisse
1551 2045 1718 2082 videtur.

397 2157 495 2212 310
1085 2158 1119 2206 l.
1161 2158 1222 2206 G.
1259 2157 1341 2206 34.

258 2251 402 2292 chart.
435 2263 478 2292 a.
511 2251 626 2292 1474
639 2252 702 2306 ff
735 2251 821 2292 140
850 2263 988 2299 num„
1020 2250 1212 2291 22><14
1241 2263 1324 2291 cm.
1357 2252 1380 2292 1
1415 2264 1473 2291 m.
1508 2263 1612 2291 cnm
1641 2251 1670 2291 2
1701 2251 1793 2291 init.
1819 2252 1923 2304 pict.

403 2332 430 2372 s.
469 2332 627 2373 1—602
659 2332 731 2374 Pii
760 2332 799 2372 11
829 2343 975 2384 papae
1007 2332 1064 2372 ad
1095 2331 1425 2383 imperatorem
1456 2332 1711 2373 Turcorum
1743 2332 1955 2384 epistola.
1991 2333 2134 2372 »Finis

183 2382 186 2384 ’
259 2402 296 2431 a.
329 2388 486 2442 (14)74
515 2390 589 2432 fer.
621 2390 661 2430 V
691 2394 790 2431 ante
822 2390 928 2431 Mar.
962 2389 1109 2442 Magd.
1143 2401 1219 2442 per
1248 2390 1561 2431 Venceslaum
1592 2390 1647 2431 de
1680 2390 1954 2431 Crumlow.‹

403 2447 432 2489 f.
463 2448 679 2489 6112--92a
710 2449 897 2490 Aeneae
930 2448 1095 2500 Sylvii,
1127 2452 1295 2499 postea
1323 2448 1398 2489 Pii
1417 2448 1457 2489 11
1476 2460 1637 2500 papae,
1660 2448 1860 2499 epistola
1886 2449 1968 2489 »ad
1990 2449 2134 2489 cardi-

260 2505 415 2546 nalem
443 2506 708 2548 Johannem
749 2507 805 2547 de
844 2506 1050 2547 Carviali
1093 2507 1149 2547 de
1181 2510 1307 2548 statu
1348 2510 1395 2547 et
1435 2506 1618 2548 haeresi
1658 2511 1813 2547 terrae
1853 2506 2131 2558 Pragensis‹

261 2563 389 2616 (data
420 2575 476 2604 ex
506 2563 632 2605 Nova
673 2564 854 2606 Civitate
886 2564 960 2605 XII
993 2564 1076 2604 kal.
1111 2563 1228 2617 Sept.
1255 2563 1398 2614 1451).
1434 2564 1737 2605 »Tractatulus
1770 2565 1888 2604 Enee
1922 2563 2134 2605 Senensis

261 2625 454 2674 episcopi
494 2634 570 2674 per
613 2622 927 2664 Venceslaum
969 2623 1025 2663 de
1068 2622 1351 2674 Crumpnaw
1382 2623 1652 2663 concluditur
1684 2623 1877 2663 secunde
1910 2635 1946 2663 a.
1981 2621 2137 2674 (14)74

262 2680 335 2719 fer.
369 2680 414 2721 ΙΙ.
448 2685 549 2732 post
580 2681 696 2721 dom.
731 2681 838 2721 Esto
870 2681 999 2720 michi
1031 2684 1136 2720 etc.‹

405 2737 431 2778 f.
465 2738 709 2779 932—1052
742 2742 954 2789 (anepigr.)
999 2738 1071 2779 Pii
1111 2738 1150 2778 11
1190 2750 1337 2791 papae
1378 2739 1511 2779 Bulla
1552 2738 1766 2779 citatoria
1797 2739 1854 2779 ad
1886 2737 2136 2790 Georgium

263 2806 420 2847 regem
451 2796 559 2836 data
586 2795 712 2837 XVII
744 2797 836 2837 kal.
867 2797 958 2838 Jul.
992 2796 1160 2848 (1464).

406 2853 431 2894 f.
471 2853 739 2895 1062—11212
781 2854 869 2906 (Pii
914 2854 952 2895 11
993 2858 1158 2906 papae)
1200 2854 1465 2906 Responsio
1505 2855 1612 2895 data
1656 2854 1830 2895 Romae
1872 2854 2135 2895 oratoribus

263 2910 451 2963 Georgii
481 2912 603 2964 regis
635 2913 693 2964 (a.
731 2912 876 2965 1462).

408 2969 434 3010 f.
473 2968 742 3011 112δ-116ει
773 2971 933 3012 Aenae
966 2970 1116 3022 Sylvii
1147 2970 1291 3022 episc.
1338 2970 1564 3011 Senensis
1597 2970 1859 3020 Responsio
1882 2970 1990 3009 data
2009 2969 2135 3009 Hun-

263 3026 386 3079 garis
418 3028 607 3068 nomine
639 3028 936 3080 imperatoris
967 3028 1187 3069 Friderici
1218 3027 1274 3068 23
1307 3039 1400 3079 apr.
1438 3027 1547 3068 1455
1580 3029 1629 3068 in
1661 3028 1797 3069 Nova
1827 3027 2041 3068 Civitate.

408 3085 435 3125 f.
474 3084 742 3126 1172-136b
774 3086 1005 3138 Pamphili
1034 3086 1301 3127 Mauriliani
1345 3085 1545 3126 Carmen
1587 3087 1640 3126 de
1672 3097 1821 3126 amore
1855 3086 2063 3137 Pamphili
2095 3089 2138 3124 et

264 3143 471 3183 Galateae
503 3146 736 3195 incipiens:
774 3144 1012 3185 »Vulneror
1042 3148 1084 3184 et
1115 3145 1313 3184 clausum
1346 3147 1470 3195 porto
1503 3144 1587 3183 sub
1619 3147 1793 3196 pectore
1826 3145 2000 3184 telum«.
2059 3144 2133 3182 »A.

264 3199 418 3252 (14)74
448 3201 522 3243 ser.
555 3201 599 3242 II.
632 3206 732 3242 ante
764 3202 974 3243 Convers.
1010 3214 1045 3243 s.
1079 3202 1195 3242 Pauli
1230 3214 1305 3253 per
1335 3200 1651 3242 Venceslaum
1673 3202 1728 3242 de
1752 3201 1991 3242 Crumlow
2013 3201 2134 3240 Pam-

265 3260 406 3311 philus
448 3259 755 3300 concluditur.«

1170 3409 1232 3441 135
