2476 3782
2070 239 2114 272 IX

244 385 540 427 agnoscemus
571 374 759 428 pristini
798 375 1006 415 thesauri
1043 375 1269 416 librorum
1311 388 1456 418 manu
1485 379 1770 432 scripiorum,
1813 380 1975 432 quibus
2005 380 2115 420 olim

242 443 551 484 universitatis
580 443 767 495 collegia
793 443 1130 497 gloriabantur,
1162 447 1382 496 quartam
1411 449 1583 488 tantum
1605 449 1787 500 partem
1815 451 2054 501 superesse.

381 514 439 554 At
468 513 676 554 damnum
708 513 793 552 hoc
814 515 912 564 quis
935 513 1065 553 nobis
1089 514 1255 554 intulit?
1286 515 1434 555 Patres
1461 515 1505 557 S.
1527 517 1562 559 J.
1594 521 1637 558 in
1659 521 1875 569 propriam
1908 518 2110 557 librorum

244 583 551 636 supellectilem
583 586 671 622 tam
702 582 984 622 vehementer
1015 586 1242 633 saeviisse,
1275 588 1323 624 ut
1354 589 1416 625 tot
1456 586 1632 626 codices
1675 598 1809 626 manu
1853 590 1997 638 scripti
2042 587 2114 626 de-

244 654 455 705 perierint,
485 662 568 692 nec
599 655 763 693 ratione
794 663 876 692 nec
907 653 1184 692 documentis
1227 655 1456 705 probatur;
1503 660 1654 696 contra
1694 659 1820 696 certis
1862 657 2114 696 auctoribus

244 723 536 774 comperimus
583 732 662 762 eos
708 733 883 762 summa
928 732 1029 761 cum
1075 722 1297 774 voluptate
1343 725 1647 765 combussisse
1693 726 1937 766 haereticos
1984 726 2115 766 libros

243 791 422 840 alienOS,
454 793 497 831 in
528 793 710 843 propriis
741 794 888 831 autem
920 791 1159 831 eorundem
1203 794 1526 845 exemplaribus
1566 795 1850 834 asservandis
1893 806 2113 835 summam

243 870 391 909 curam
431 847 699 900 adhibuisse.
760 860 816 900 Et
858 860 1051 912 profecto
1100 872 1156 901 ex
1202 873 1352 902 eorum
1399 865 1594 915 ipsorum
1643 864 1912 904 bibliothecis
1959 867 2113 904 mirum

243 932 406 982 quanta
450 932 577 982 copia
618 940 799 982 operum
844 929 1018 980 Wielifi,
1064 930 1217 980 Hussi‚
1264 931 1470 972 Jacobelli
1515 933 1571 973 ad
1618 944 1701 973 nos
1748 933 1963 985 pervenit!
2027 933 2115 974 Sed

242 1000 407 1051 priores
438 999 791 1040 bibliothecarum
840 1011 1128 1051 possessores
1160 1004 1202 1041 et
1233 997 1536 1052 procuratores
1568 1014 1700 1054 quam
1742 1006 1860 1054 parvi
1907 1006 2115 1043 aestima-

241 1070 380 1109 verint
408 1068 541 1108 libros
572 1079 706 1109 manu
738 1072 937 1121 scriptos,
984 1071 1130 1110 multis
1172 1073 1430 1111 testimoniis
1477 1070 1770 1114 confirmatur.
1831 1072 1924 1112 Iam
1956 1071 2114 1112 Rudni-

242 1140 364 1178 censi
394 1138 606 1190 catalogo,
639 1140 712 1190 qui
742 1138 799 1178 ad
832 1139 1018 1179 duorum
1063 1142 1229 1180 tantum
1271 1141 1550 1192 collegiorum
1598 1141 1882 1181 bibliothecas
1932 1145 2115 1192 spectat,

243 1206 479 1248 edocemur
509 1210 623 1248 circa
652 1219 691 1248 a.
729 1207 829 1249 1461
884 1209 1044 1248 multos
1092 1209 1225 1250 libros
1272 1210 1532 1262 deperiisse;
1581 1221 1712 1263 quam
1763 1212 1874 1251 male
1922 1214 2115 1262 magistri

241 1278 325 1328 ipsi
355 1276 587 1316 thesauros
618 1277 842 1317 litterarios
873 1280 1130 1326 curaverint,
1164 1278 1232 1317 his
1265 1279 1477 1330 exemplis
1510 1279 1734 1331 detegitur.
1785 1279 1897 1320 Cum
1929 1293 1967 1321 a.
2007 1280 2116 1320 1434

242 1356 428 1387 necesse
461 1349 563 1395 erat,
595 1349 643 1386 ut
673 1346 839 1398 collegii
871 1345 1059 1387 Carolini
1091 1348 1351 1388 bibliotheca
1383 1349 1529 1389 denuo
1561 1349 1844 1397 ordinaretur,
1886 1351 2116 1390 studiosus

243 1415 420 1468 quidam
453 1413 605 1456 Simon
635 1412 933 1463 Mocidlensi5‚
967 1419 1039 1468 qui
1072 1420 1271 1469 sequenti
1301 1430 1419 1458 anno
1452 1419 1679 1459 baccalarii
1709 1420 1894 1471 gradum
1929 1420 2116 1471 adeptus

243 1488 324 1534 est,
356 1485 548 1525 laborem
579 1485 697 1525 hunc
730 1485 860 1526 subiit
891 1490 934 1526 et
967 1490 1094 1538 »post
1124 1488 1270 1539 plures
1302 1492 1597 1540 septimanas«
1634 1490 1824 1542 perfecit.
1871 1490 1999 1530 Fisco
2032 1501 2115 1529 suo

243 1557 473 1607 parcentes
504 1557 698 1607 magistri
750 1559 876 1596 »tunc
908 1561 1165 1608 praesentes
1198 1561 1241 1598 in
1272 1559 1479 1610 collegio«
1525 1560 1580 1600 illi
1612 1561 1812 1600 studioso
1860 1571 1938 1612 pro
1982 1562 2116 1611 pretio

244 1623 440 1665 codicem
477 1623 586 1665 1826
617 1625 850 1677 (Alphonsi
882 1628 995 1677 regis
1027 1627 1197 1667 tabulas
1229 1632 1272 1668 et
1301 1629 1384 1669 alia
1413 1630 1628 1680 opuscula
1656 1633 1953 1670 astronomica
1983 1632 2116 1669 conti-

243 1696 438 1743 nentem)
473 1705 639 1747 ›usque
670 1694 727 1735 ad
759 1695 853 1735 dies
899 1698 1037 1736 vitae«
1088 1697 1314 1747 dederunt,
1362 1702 1410 1739 ut
1439 1701 1482 1739 in
1529 1700 1733 1751 operculo
1780 1700 1978 1739 eiusdem
2026 1700 2116 1739 libri

243 1767 499 1805 annotatum
532 1768 610 1805 est.
642 1763 816 1806 Mortuo
847 1777 952 1806 mox
984 1765 1164 1806 Simone
1200 1770 1391 1818 contigit,
1423 1771 1471 1808 ut
1500 1769 1643 1808 codex
1665 1768 1951 1808 bibliothecae
1984 1768 2115 1809 Caro-

243 1833 355 1874 linae
400 1836 706 1875 restitueretur.
767 1834 959 1876 Fortuna
1004 1839 1091 1876 tam
1140 1847 1350 1894 prospera
1395 1849 1484 1878 non
1529 1841 1732 1890 gavisum
1778 1843 1847 1878 est
1888 1839 2116 1890 collegium

248 1900 512 1954 »Nationis«,
543 1907 670 1944 cuius
702 1904 987 1946 directoribus
1018 1906 1313 1946 annuentibus
1334 1918 1372 1948 a.
1412 1907 1521 1948 1449
1547 1907 1753 1948 Matthias
1786 1909 1840 1948 de
1872 1906 2114 1955 Jehnean,

244 1959 415 2015 Skome
453 1976 803 2025 cognominatus,
843 1974 934 2020 ›de
975 1975 1145 2015 libraria
1176 1975 1336 2016 domus
1378 1975 1575 2017 Nationis
1622 1977 1944 2018 Bohemorum‹
1997 1989 2117 2029 prae-

244 2042 407 2084 clarum
438 2044 635 2084 codicem
666 2043 959 2096 Vergilianum
993 2057 1108 2086 saec.
1154 2045 1224 2094 IX,
1267 2049 1340 2098 qui
1386 2058 1504 2087 nunc
1549 2050 1592 2088 in
1639 2048 1900 2088 bibliotheca
1946 2048 2117 2099 capituli

244 2113 560 2165 metropolitani
620 2113 851 2165 Pragensis
902 2112 1226 2165 asservatur¹⁵),
1282 2128 1385 2168 »pro
1436 2117 1529 2156 aliis
1587 2117 1762 2157 duobus
1822 2117 2116 2158 voluminibus

244 2181 430 2222 eandem
461 2185 686 2224 materiam
732 2185 1056 2225 continentibus
1087 2185 1144 2224 ad
1176 2188 1375 2237 tempora
1404 2188 1517 2226 vitae
1559 2197 1667 2227 suae
1708 2189 1912 2227 exemit«.
1975 2185 2116 2226 Huius

244 2251 409 2304 collegii
440 2253 748 2294 bibliothecarii
779 2258 868 2295 tam
900 2254 1179 2306 neglegenter
1210 2266 1391 2295 munere
1423 2266 1507 2295 suo
1539 2255 1843 2307 fungebantur,
1891 2260 1939 2296 ut
1970 2268 2024 2296 ne
2057 2258 2116 2295 in-

244 2323 495 2374 scripserint
525 2322 700 2375 quidem
732 2324 885 2364 librum
919 2327 1285 2376 pretiosissimum
1318 2326 1518 2377 catalogo
1550 2325 1827 2366 Rudnicensi.
1862 2324 1950 2366 Sed
1984 2326 2118 2365 multo

243 2393 402 2432 tristior
430 2395 522 2432 erat
552 2403 650 2433 sors
679 2397 874 2434 veterum
907 2394 1108 2434 codicum
1142 2405 1259 2434 saec.
1292 2394 1403 2444 XVI,
1446 2406 1548 2435 cum
1579 2399 1670 2435 arte
1711 2395 2026 2447 typographica
2058 2397 2117 2434 in-

244 2460 544 2502 crebrescente
585 2462 676 2502 libri
722 2473 856 2504 manu
900 2466 1049 2516 scripti
1094 2464 1397 2504 abolescerent
1440 2469 1482 2504 et
1512 2464 1797 2505 doctissimus
1844 2468 2030 2517 quisque
2062 2465 2118 2504 ab

243 2532 296 2570 iis
326 2530 524 2582 legendis
555 2532 854 2573 deduceretur.
887 2533 960 2573 Illo
992 2537 1187 2585 tempore
1218 2538 1389 2574 veteres
1420 2534 1598 2574 codices
1640 2536 1834 2586 inprimis
1877 2537 1917 2583 ii,
1959 2534 2117 2586 quibus

246 2600 415 2641 mediae
447 2605 600 2642 aetatis
645 2606 847 2643 auctores
894 2604 1239 2653 continebantur,
1291 2604 1624 2644 bibliothecariis
1670 2604 1840 2644 inutiles
1874 2607 1915 2643 et
1947 2604 2118 2644 molesti

245 2670 515 2720 videbantur,
549 2676 870 2713 renascentium
918 2676 1064 2713 autem
1096 2673 1330 2713 litterarum
1375 2674 1584 2714 studiosis
1612 2677 1807 2726 ,propter
1851 2676 2116 2725 incomptam

247 2740 497 2781 latinitatem
549 2743 826 2782 stomachum
878 2743 1124 2783 movebant.
1187 2742 1374 2783 Horrore
1426 2747 1540 2783 certe
1591 2743 1871 2795 perfunditur,
1920 2745 2118 2795 quisquis

245 2814 378 2862 caput
408 2811 510 2851 illud
556 2812 647 2852 libri
688 2807 1003 2861 Winteriani¹⁶)
1050 2813 1239 2864 perlegit,
1287 2824 1374 2865 quo
1422 2813 1475 2852 de
1523 2813 1801 2864 collegiorum
1848 2813 2119 2852 bibliothecis

247 2890 364 2922 saec,
395 2879 492 2922 XVI
523 2885 567 2922 et
595 2881 710 2923 XVII
742 2882 978 2922 disseritur.
1023 2881 1217 2934 Magistri
1264 2885 1378 2922 enim
1425 2885 1506 2934 ipsi
1552 2886 1727 2922 auctore
1769 2882 1968 2922 Wintero
2016 2886 2117 2922 tunc

247 2949 423 2990 codices
455 2951 817 2992 membranaceos
849 2955 892 2991 et
926 2952 1083 2992 »libros
1115 2952 1360 3003 illegibiles«
1401 2953 1656 3004 bibliopegis
1689 2952 1983 2992 dissecandos
2015 2962 2118 2991 ven·

249 3017 422 3069 debant,
454 3020 739 3061 bibliothecae
770 3022 1154 3073 neglegentissime
1186 3021 1611 3070 administrabantur,
1645 3024 1746 3073 quin
1781 3023 1910 3061 etiam
1944 3033 1981 3060 a.
2011 3020 2117 3060 1603

392 3142 442 3198 ¹5)
475 3148 530 3188 Cf.
564 3149 597 3187 J.
628 3149 750 3198 Kelle,
782 3150 1011 3189 Klassische
1041 3150 1342 3188 Handschriften
1374 3154 1414 3187 in
1445 3151 1583 3197 Prager
1612 3150 1896 3195 Bibliotheken,
1932 3162 1968 3197 p.
2004 3151 2042 3188 7.

395 3211 444 3265 16)
475 3217 516 3258 Ζ.
548 3218 714 3265 Winter,
746 3209 858 3257 Zivot
889 3232 940 3257 na
970 3217 1192 3265 universite,
1226 3232 1265 3267 p.
1300 3219 1542 3258 376-385.
