2476 3782
1242 295 1325 335 262

509 436 535 475 f.
568 430 804 474 34⁵—175b
835 434 1007 486 Regula
1048 445 1084 475 s.
1117 433 1355 475 Benedicti
1400 433 1681 475 monialibus
1721 434 1938 485 adaptata
1981 445 2088 474 cum
2126 445 2226 487 per-

367 497 506 544 petuo
538 492 872 534 commentario
903 491 1145 544 marginali
1165 495 1211 532 et
1231 491 1467 533 nonnullis
1488 491 1662 543 glossis
1683 491 1952 532 bohemicis.
1975 490 2226 543 (Commen-

369 554 502 591 tarius
534 552 601 591 hic
633 553 799 603 passim
831 553 1104 590 continuatur
1133 552 1175 590 in
1207 550 1427 590 schedulis
1459 550 1597 589 codici
1628 549 1842 601 inligatis).

509 633 551 669 In
593 634 782 669 schedula
821 637 910 680 post
951 633 974 669 f.
1013 633 1090 669 109
1123 636 1449 669 commemoratur
1478 636 1677 678 tamquam
1709 636 1862 669 mortua
1896 633 2071 680 ›Byetka
2102 633 2227 670 Such-

364 690 547 737 dolska«‚
590 701 688 737 quae
719 691 790 727 fuit
820 691 1001 728 monialis
1034 692 1081 727 ad
1114 691 1154 727 S.
1188 690 1396 736 Georgium
1427 691 1466 727 in
1500 695 1627 726 castro
1659 689 1841 736 Pragensi
1873 702 1907 728 a.
1945 691 2219 728 1386-1401

362 748 534 794 (Tomek
565 748 613 794 V,
648 748 761 796 220),
794 750 938 786 idcirco
971 749 1147 785 codicem
1177 759 1246 795 pro
1280 750 1515 784 monasterio
1548 758 1579 784 S.
1613 747 1767 794 Georgii
1799 748 2027 785 monialium
2050 759 2082 785 s,
2104 748 2224 786 Bene-

363 807 456 842 dicti
501 807 751 853 compilatum
794 817 879 843 esse
921 808 1186 854 agnoscimus.
1228 805 1304 842 Sed
1346 817 1438 842 mox
1478 807 1635 842 devenit
1674 807 1713 841 in
1745 806 2023 842 monasterium
2053 805 2227 844 Bfevno-

362 865 510 910 viense,
542 868 585 900 ut
616 866 828 901 demostrat
859 869 952 901 nota
983 875 1100 900 manu
1133 874 1235 901 saec,
1268 862 1341 899 XV
1374 865 1421 899 ad
1454 864 1600 920 calcem
1632 863 1655 899 f.
1696 865 1706 898 l
1746 867 1783 899 et
1816 864 1837 899 2
1872 864 2017 901 addita.
2049 864 2142 900 Inde
2174 865 2224 901 ad

363 933 448 958 nos.
481 922 536 958 De
569 923 704 959 codice
735 923 926 969 prolixius
973 922 1138 958 disserui
1181 923 1221 957 in
1262 919 1428 957 Vestnik
1470 920 1595 957 Ceske'e
1642 921 1769 957 Akad.
1818 922 1923 957 1898
1956 933 1993 968 p.
2029 922 2124 967 209,
2157 922 2224 959 ubi

358 981 475 1015 etiam
507 981 773 1016 demonstravi
806 985 1002 1017 auctorem
1033 990 1196 1027 magnae
1227 980 1347 1026 partis
1378 979 1497 1015 fuisse
1530 980 1723 1025 quendam
1755 979 1908 1015 fratrem
1941 981 2024 1016 ord.
2046 991 2078 1017 s.
2100 979 2223 1017 Bene-

360 1039 454 1073 dicti
484 1039 524 1074 in
548 1041 724 1084 monast.
755 1037 964 1074 Insulensi.

488 1149 592 1203 262
1171 1150 1209 1199 Ι.
1247 1150 1300 1198 F.
1338 1149 1420 1198 30.

363 1242 504 1282 chart.
536 1254 652 1283 saec.
684 1242 776 1284 XV
800 1243 928 1296 (pars
958 1256 998 1283 a.
1031 1242 1164 1288 1477)
1186 1242 1238 1296 ff.
1271 1242 1356 1282 250
1386 1254 1523 1291 uum„
1555 1242 1746 1282 22><15
1775 1254 1857 1282 cm.
1889 1242 1912 1282 1
1946 1253 2005 1281 m.

505 1323 531 1363 f.
570 1321 744 1364 1·—31¹›
782 1324 961 1365 Aurelii
997 1323 1238 1365 Prudentii
1279 1323 1536 1364 Clementis
1587 1323 1675 1362 »De
1717 1323 1919 1362 columba
1962 1335 2042 1363 seu
2071 1322 2219 1364 Tetra—

361 1381 553 1421 stichus«
603 1383 677 1433 (z
709 1381 1009 1423 Enchiridion
1048 1382 1293 1432 utriusque
1332 1381 1602 1422 testamenti
1642 1392 1747 1421 cum
1779 1381 2112 1427 commentario
2143 1392 2220 1422 co·-

358 1438 527 1491 pioso).
571 1439 720 1480 »Circa
751 1443 1004 1492 principium
1036 1443 1161 1479 istius
1202 1440 1349 1479 libelli«
1386 1440 1429 1478 ><
1465 1442 1701 1490 »sanguine
1742 1439 1931 1490 undique
1976 1439 2218 1480 maculatus

353 1508 447 1537 sew
478 1497 718 1549 perfusus.«

502 1567 529 1607 f.
563 1567 771 1607 322—47·
809 1567 1057 1608 Theobaldi
1102 1567 1311 1618 episcopi
1350 1566 1661 1618 Physiologus
1702 1567 1757 1605 de
1799 1565 1980 1605 naturis
2011 1565 2093 1606 XII
2123 1565 2218 1606 ani-

355 1624 544 1665 malium
577 1637 682 1665 cum
714 1620 1062 1667 commentario.
1099 1624 1248 1665 ›Nota.
1290 1625 1336 1665 In
1369 1627 1574 1676 principio
1607 1625 1697 1663 libri
1728 1626 1917 1675 quinque
1950 1627 2053 1664 sunt
2081 1626 2217 1677 inqui-

355 1682 514 1722 renda«
550 1683 594 1721 ><
629 1682 734 1724 »Cui
776 1686 811 1722 si
852 1695 942 1723 non
983 1684 1036 1723 ali
1077 1684 1277 1735 placeant
1317 1686 1453 1722 metra
1485 1682 1688 1722 theboldi.
1731 1681 1914 1732 Explicit
1944 1681 2216 1733 physologus

351 1742 447 1792 ipso
475 1741 542 1780 die
573 1741 761 1781 Januarii
793 1744 958 1780 mensis
989 1753 1027 1780 a.
1062 1739 1253 1793 (14)77.«
1279 1753 1281 1755 ·

495 1810 522 1849 f.
557 1806 769 1850 amb—52¹³
799 1810 934 1851 Index
965 1811 1196 1850 lectionum
1215 1811 1267 1849 de
1284 1814 1476 1861 tempore
1509 1813 1550 1848 et
1571 1809 1624 1848 de
1647 1811 1810 1848 sanctis
1832 1811 1874 1847 in
1895 1808 1983 1847 fine
2015 1819 2214 1848 mancus,

491 1879 518 1919 f.
547 1879 784 1920 53·—229⁵
814 1879 1045 1931 (Hugonis
1076 1878 1507 1930 Argentoratensis)
1549 1876 1885 1928 Compendium
1927 1876 2215 1928 theologicae

351 1937 580 1977 veritatis.
628 1937 853 1978 »Veritatis
894 1939 1132 1989 theologice
1165 1937 1432 1976 sublimitas«
1464 1935 1675 1987 ><(rubr.)
1707 1934 1878 1974 Gaudia
1899 1934 1978 1974 des
2001 1935 2078 1974 celi
2109 1933 2215 1974 Jesu

353 1998 420 2047 pie
453 1998 608 2048 cuique
639 1995 771 2036 fideli.
803 1996 988 2047 Explicit
1018 1995 1329 2047 compendium
1362 1995 1602 2046 theologice
1633 1995 1862 2033 veritatis«

485 2063 513 2104 f.
550 2060 820 2104 22912—-2392
852 2063 1166 2104 Auctoritates
1199 2074 1235 2103 s.
1269 2062 1514 2103 doctorum
1543 2061 1915 2113 praedicantibus
1946 2061 2172 2102 utiliores.

496 2132 523 2173 f.
559 2129 825 2173 239b—2502
855 2132 1031 2186 (rubrio.)
1068 2133 1240 2184 »Incipit
1268 2131 1498 2172 Moralis.«
1534 2133 1722 2179 (atram.)
1757 2130 2014 2183 »Quoniam
2047 2140 2092 2170 ut
2115 2130 2215 2170 dicit

357 2189 539 2238 Seneca,
573 2195 819 2231 communis
849 2203 937 2231 vox
969 2195 1119 2231 nature
1151 2195 1241 2230 est«
1268 2191 1311 2228 ><
1337 2193 1486 2229 »cuius
1519 2190 1613 2228 sola
1643 2189 1791 2228 fruicio
1824 2190 1951 2240 plena
1981 2188 2110 2228 faciet
2129 2199 2212 2229 nos

356 2248 523 2288 beatos.
557 2248 741 2300 Explicit
772 2250 938 2288 libellus
970 2250 1144 2289 moralis
1176 2251 1406 2299 optimus«
1443 2247 1505 2298 (In
1529 2258 1657 2298 opere
1689 2250 1785 2298 ipso
1807 2246 2022 2286 inducitur
2042 2245 2212 2286 Concu-

355 2309 565 2357 piscentia
596 2309 878 2358 interrogans,
926 2310 993 2347 cui
1026 2307 1292 2358 respondent
1323 2307 1560 2344 sententiae
1594 2304 1950 2355 philosophorum
1994 2304 2047 2343 de
2081 2304 2212 2344 beati·

354 2364 500 2403 tudine
533 2365 738 2404 humana.
772 2364 883 2404 Sunt
911 2364 1175 2404 Moralitates
1206 2363 1393 2404 Roberti
1422 2363 1642 2410 Holkoth,
1684 2361 1737 2402 cf.
1784 2362 1811 2402 Ι.
1860 2361 1911 2400 D.
1949 2361 1999 2401 15
2032 2361 2058 2400 f.
2098 2361 2213 2413 121).‚

485 2432 511 2472 f.
548 2430 650 2473 250b
684 2433 880 2485 Dignitas
913 2434 994 2473 diei
1026 2434 1281 2473 dominicae.

493 2504 684 2551 Operculo
717 2516 844 2552 super.
877 2506 1110 2541 intrinsecus
1142 2506 1330 2551 impressa
1362 2508 1421 2540 est
1451 2505 1579 2550 imago
1611 2513 1664 2539 ss.
1697 2502 1795 2538 Petri
1827 2506 1864 2538 et
1894 2502 2071 2538 Andreae
2102 2502 2209 2549 ligno

353 2562 491 2598 incisa.
524 2563 570 2600 A.
610 2563 715 2599 1609
749 2566 872 2600 codex
905 2564 997 2600 bibl.
1029 2563 1351 2609 Rosenbergicae,
1385 2563 1525 2597 deinde
1558 2564 1724 2597 monast.
1756 2559 2017 2596 Trebonensis
2048 2560 2130 2597 fuit.

477 2686 584 2739 263
1158 2687 1197 2735 I.
1234 2686 1287 2734 F.
1325 2686 1408 2734 31.

345 2779 488 2819 chart.
519 2791 634 2820 saec.
666 2779 828 2834 XVff.
860 2781 945 2821 212
976 2792 1114 2830 num„
1145 2780 1336 2819 22><15
1363 2791 1446 2819 cm.
1470 2780 1492 2819 1
1512 2791 1571 2818 m.

494 2861 521 2900 f.
560 2861 656 2900 199⁸
692 2862 962 2913 »Expliciunt
1001 2862 1251 2902 Sermones
1293 2858 1640 2900 dominicalium
1670 2858 1975 2908 epistolarum
2005 2857 2064 2898 M.
2096 2855 2208 2898 Wil-

348 2918 490 2957 helmi
522 2920 834 2971 archiepiscopi
866 2919 1187 2971 Lugdunensis,
1220 2929 1342 2957 sacre
1375 2918 1584 2968 theologie
1606 2916 1866 2967 professoris
1890 2915 2019 2954 studii
2041 2913 2206 2955 Parisi-

351 2975 491 3024 ensis,
525 2979 595 3027 qui
614 2980 749 3017 eciam
773 2978 941 3028 collegit
956 2977 1122 3021 librum,
1147 2979 1218 3027 qui
1240 2975 1473 3015 intitulatur
1495 2973 1677 3014 Summa
1696 2976 1899 3012 virtutum
1923 2977 1963 3012 et
1981 2975 2204 3012 viciorum.

349 3033 467 3072 Idem
487 3037 622 3072 eciam
656 3036 824 3086 collegit
854 3039 896 3074 et
926 3035 1172 3086 compilavit
1202 3033 1430 3072 Racionale
1464 3032 1705 3071 divinorum
1729 3030 2010 3070 officiorum.«
2038 3029 2205 3078 (Finem

350 3091 466 3130 hunc
515 3103 766 3131 sermonum
813 3092 869 3131 ad
913 3092 1094 3131 verbum
1141 3091 1465 3141 descripsimus,
1514 3099 1779 3140 quamquam
1826 3088 2054 3127 manifeste
2096 3086 2206 3126 falsa

350 3148 475 3187 refert
507 3150 648 3188 scriba
690 3154 731 3189 et
762 3150 957 3189 diversas
989 3160 1202 3201 personas
1235 3147 1494 3199 confundit.)
1539 3146 1773 3186 Sermones
1806 3147 1847 3184 hi
1879 3147 2072 3184 instructi
2104 3147 2207 3184 sunt

341 3207 759 3315 §ssmultissglossis
782 3208 1020 3247 bohemicis
1042 3205 1382 3246 interlinearibus
1405 3200 1645 3255 (Precetne
1665 3204 1828 3254 glossy
1849 3199 1989 3242 ceske
2010 3214 2034 3242 z
2054 3201 2205 3242 konce

429 3293 439 3303 .
471 3266 544 3303 sto
567 3294 575 3303 .
603 3296 610 3303 .

1240 3411 1302 3443 108
