2476 3782
1231 260 1336 300 1497

493 399 519 438 f.
553 396 660 438 244¹>
690 397 856 437 Versus
889 400 1061 449 satyrici
1095 398 1147 437 de
1181 398 1372 450 quodam
1405 397 1609 438 Conrado
1642 400 1852 436 emortuo.

489 459 686 501 Codicem,
719 458 784 504 qui
816 457 907 493 olim
939 461 1020 493 erat
1051 458 1205 504 collegii
1237 457 1414 494 Nationis
1446 457 1706 494 Bohemorum
1738 457 1810 492 sub
1833 458 1933 503 sign.
1960 456 2005 504 Q,
2029 455 2081 494 43
2110 456 2214 504 (Cat.

350 517 513 554 Rudnic.
546 527 583 563 p.
622 515 730 562 173),
762 525 910 551 reeens.
944 514 1115 560 Schulte‚
1147 517 1298 552 Canon.
1331 515 1530 552 Handsch.
1562 526 1599 561 p.
1641 514 1703 551 39.

488 627 614 680 1497
941 627 1076 676 VIII.
1116 627 1179 676 D.
1217 627 1263 676 2.
1303 638 1362 680 (Y.
1388 638 1436 672 11.
1462 638 1494 673 4.
1520 648 1553 670 n.
1571 638 1621 679 3.)

355 721 497 760 chart.
528 731 646 760 saec.
675 717 935 760 XIV—XV
955 720 1008 773 ff.
1041 720 1138 770 170,
1170 720 1340 772 29·5><
1358 721 1416 761 22
1433 732 1515 761 cm.
1549 720 1588 760 d.
1621 731 1680 760 m.

494 801 523 840 f.
560 798 742 840 1²²--39b
789 800 1040 841 Sermones
1088 801 1143 841 de
1188 805 1399 852 tempore
1445 805 1642 841 carentes
1684 803 1802 841 initio
1849 801 1984 849 (dom.
2034 800 2067 840 II
2115 804 2221 852 post

354 861 499 908 trinit.)
535 859 789 898 »consilium
822 869 982 908 meum,
1026 859 1143 910 quod
1176 859 1276 899 dedi
1307 860 1457 899 vobis«
1495 860 1537 896 ><
1569 859 1704 908 (dom.
1736 861 1882 908 trinit.)
1931 858 2053 898 »ideo
2085 870 2219 899 evan-

349 917 509 969 gelium
541 917 674 956 homo
707 916 883 968 quidam
917 919 1023 956 etc.«

494 974 521 1013 s.
553 973 801 1014 402—1222
844 973 903 1014 M.
950 973 1172 1014 Matthaei
1219 975 1274 1014 de
1321 974 1548 1015 Cracovia
1607 973 1856 1014 Sermones
1916 973 1972 1014 de
2029 972 2217 1014 sanctis.

355 1032 624 1072 »Ambulans
656 1031 789 1072 Jesus
821 1034 942 1071 iuxta
973 1043 1092 1071 mare
1124 1031 1310 1072 Galilee«
1349 1031 1386 1073 ><
1426 1036 1498 1072 »ut
1527 1035 1816 1083 penitenciam
1849 1035 2046 1083 quereret
2067 1043 2219 1083 pecca-

352 1094 536 1130 torum«.
569 1090 682 1138 (Alia
713 1101 846 1129 manu
861 1091 890 1138 :)
926 1089 1125 1129 ›Pustilla
1155 1089 1266 1141 Mgri
1295 1089 1457 1129 Mathei
1475 1090 1528 1129 de
1546 1088 1784 1138 Cracowia,
1803 1089 1974 1141 plebani
1992 1089 2218 1141 quondam

350 1151 392 1187 in
426 1147 531 1187 Leta
561 1147 693 1187 Curia
724 1147 899 1198 Frage«
1535 1150 1538 1151 ’

495 1206 521 1245 f.
561 1202 828 1244 12:3³³1——17Ob
860 1204 1120 1255 (Johannes
1165 1204 1308 1245 Kortz
1349 1202 1519 1258 dictus)
1564 1204 1869 1245 »Contractus
1913 1205 1968 1245 de
2015 1203 2214 1245 sanctis«

351 1262 656 1314 (Sermones).
695 1261 766 1302 »Si
788 1273 955 1302 moram
978 1262 1137 1311 fecerit,
1169 1266 1400 1314 exspecta«
1437 1263 1479 1300 ><
1512 1261 1792 1314 (subscriptio
1825 1274 1985 1314 magna
2015 1274 2070 1302 ex
2101 1266 2220 1314 parte

350 1322 515 1368 evulsa.
548 1324 693 1360 tamen
725 1321 900 1371 legitur:
933 1319 1194 1360 Contractus
1226 1332 1301 1371 per
1331 1331 1489 1360 manus
1519 1319 1657 1360 Welis
1692 1354 1698 1360 .
1734 1351 1742 1360 .
1777 1323 1805 1369 .)

494 1379 696 1427 Operculis
739 1380 952 1426 adligatum
995 1384 1054 1416 est
1094 1380 1349 1426 fragmentum
1391 1380 1637 1416 instrumenti
1669 1380 1776 1426 publ.
1809 1384 1933 1417 notar.
1967 1379 2104 1416 Crucis
2135 1382 2216 1416 nati

354 1439 556 1485 quondam
587 1437 786 1474 Benedicti
818 1437 929 1473 Hoch
961 1438 1007 1473 de
1038 1437 1212 1473 Miliczin
1243 1439 1559 1484 recognoscentis
1590 1437 1871 1474 Wenceslaum
1891 1437 2028 1474 Jacobi
2059 1439 2107 1474 de
2141 1437 2223 1474 Ho-

359 1496 525 1532 rzowicz
546 1497 816 1542 presbyterum
837 1495 1053 1531 instituisse
1085 1506 1227 1531 causae
1259 1506 1354 1531 suae
1384 1499 1654 1541 procuratores
1687 1506 1720 1533 a.
1759 1495 1880 1532 1405.
1911 1495 1955 1531 In
1986 1495 2108 1532 fronte
2129 1494 2154 1533 f.
2183 1495 2224 1531 1·

357 1564 474 1589 manu
508 1563 612 1589 saec.
643 1552 753 1588 XVII
784 1553 899 1589 etiam
931 1552 1138 1589 Sermones
1171 1554 1217 1588 de
1249 1557 1418 1599 tempore
1451 1553 1710 1589 attribuuntur
1730 1552 1929 1589 Matthaeo
1952 1552 2221 1590 Cracoviensi.

360 1610 465 1647 Nota
496 1614 534 1646 in
567 1611 749 1657 operculo
781 1612 998 1656 superiore:
1037 1611 1115 1646 »De
1145 1611 1384 1647 Bethleem«.

494 1721 623 1775 1498
966 1722 1102 1772 VIII.
1140 1724 1203 1772 D.
1239 1723 1286 1772 3.
1326 1734 1383 1776 (Y.
1403 1733 1450 1767 Π.
1471 1734 1501 1766 1.
1520 1744 1553 1766 n.
1578 1734 1626 1775 3.)

357 1816 500 1856 chart.
530 1827 647 1856 saec.
678 1815 769 1856 XV
788 1815 840 1869 ff.
871 1815 958 1856 286
987 1828 1126 1865 num„
1156 1816 1209 1857 31
1230 1816 1347 1856 ><22
1378 1828 1461 1856 cm.
1494 1816 1517 1856 1
1550 1827 1610 1855 m.

353 1897 501 1938 Biblia
532 1908 668 1937 sacra
697 1896 986 1937 continentia
1030 1896 1315 1937 Testamenti
1354 1896 1539 1937 Veteris
1579 1896 1724 1937 libros
1756 1895 2070 1947 sapientiales,
2101 1894 2226 1937 Novi

500 2013 543 2049 In
576 2014 699 2049 fronte
732 2014 757 2052 f.
796 2015 864 2051 17·
894 2018 1124 2050 annotatum
1156 1966 1365 2051 egmffigsnl
1406 2014 1624 2051 Johannem
1670 2015 1717 2050 de
1763 2014 1977 2059 Rokycano
2019 2025 2054 2050 a.
2101 2012 2222 2060 1459,

356 2083 445 2108 cum
479 2076 581 2107 esset
611 2075 736 2107 rector
767 2072 1044 2117 universitatis,
1077 2073 1221 2109 librum
1254 2074 1468 2119 sapientiae
1489 2073 1750 2119 praedicando
1773 2072 2018 2118 exposuisse.
2050 2070 2153 2108 Nota
2183 2071 2224 2108 in

357 2129 540 2176 operculo
593 2133 810 2175 superiore:
867 2129 1003 2166 »Liber
1063 2131 1282 2167 nacionis«.
1344 2130 1466 2166 Vetus
1527 2130 1628 2176 sign.
1689 2130 1935 2166 concordans
1996 2139 2085 2165 cum
2145 2139 2223 2176 reg.

355 2187 518 2225 Rudnic.
550 2187 597 2232 A,
632 2187 668 2224 3.

493 2298 619 2351 1499
979 2298 1115 2348 VIII.
1153 2299 1216 2348 D.
1255 2300 1301 2348 4.
1341 2311 1399 2351 (Y.
1424 2312 1470 2345 H.
1497 2313 1528 2345 2.
1555 2324 1588 2346 n.
1608 2314 1680 2353 41.)

363 2393 507 2432 chart.
541 2405 584 2432 α.
616 2391 814 2444 1409ff.
846 2392 917 2441 99,
945 2393 999 2433 3]
1021 2392 1133 2432 ><21
1167 2404 1249 2449 cm.
1281 2393 1304 2432 1
1339 2405 1399 2433 m.

1041 2472 1288 2524 Expositio
1318 2473 1547 2514 Psalterii.

503 2531 530 2570 f.
568 2531 613 2569 1εἰ
659 2530 844 2570 »Beatus
890 2533 954 2569 vir
999 2534 1078 2570 ete.
1121 2530 1232 2571 Cum
1276 2543 1431 2571 omnes
1474 2533 1708 2584 prophetas
1750 2537 1947 2573 constet«
1994 2532 2046 2584 ><
2079 2531 2108 2572 f.
2149 2530 2230 2571 99²

366 2591 535 2627 »omnis
578 2590 754 2639 spiritus
802 2589 964 2628 scilicet
1009 2590 1233 2640 angelicus
1274 2590 1420 2628 laudet
1451 2591 1691 2630 dominum.
1724 2591 1877 2631 Amen.
1911 2590 2093 2630 Alleluia
2128 2619 2138 2629 .
2176 2622 2183 2629 .
2219 2622 2226 2629 .

360 2645 597 2697 Exposicio
630 2649 774 2685 textus
807 2647 992 2697 psalterii
1035 2647 1313 2686 solummodo
1355 2650 1397 2686 in
1430 2649 1509 2686 illis
1541 2649 1828 2688 amminiculis
1861 2652 2112 2688 sanctorum
2151 2646 2229 2686 do-

360 2707 526 2743 ctorum
560 2708 867 2743 consummata
882 2706 925 2743 in
958 2704 1026 2742 die
1060 2702 1260 2743 Damiani
1292 2704 1366 2744 fer.
1400 2704 1466 2744 Vl.
1491 2710 1590 2744 ante
1613 2705 1772 2745 festum
1797 2717 1831 2746 s.
1854 2705 2108 2746 Wenceslai
2144 2704 2228 2743 sub
2291 2727 2293 2730 <

357 2770 395 2800 a.
431 2760 543 2800 1409
577 2795 583 2800 .
621 2795 625 2799 ,
663 2791 670 2799 .
703 2763 746 2800 in
777 2761 1026 2813 Knyhnycz
1059 2773 1134 2812 per
1163 2764 1344 2810 (nomen
1376 2763 1529 2801 librarii
1562 2764 1697 2802 cultro
1730 2766 1928 2803 excisum
1951 2765 2050 2811 est).
2086 2762 2140 2802 Et
2163 2764 2225 2801 sic

356 2822 424 2858 est
455 2819 567 2858 finis.
601 2817 696 2858 Deo
728 2822 908 2869 gracias.
941 2818 1038 2858 Tak
1070 2819 1189 2858 buoh
1221 2819 1308 2871 day
1339 2831 1365 2858 a
1396 2821 1617 2872 pomahay
1648 2833 1723 2872 my
1754 2821 1874 2872 myly
1906 2821 2063 2860 buoh.«

499 2931 627 2985 1500
996 2932 1129 2982 VIII.
1166 2933 1230 2982 D.
1268 2934 1315 2982 5.
1352 2944 1415 2986 (Y.
1441 2944 1488 2977 11.
1515 2945 1547 2977 2.
1572 2956 1607 2978 n.
1630 2946 1706 2987 33.)

367 3026 507 3064 chart.
539 3038 653 3066 saec.
685 3025 777 3066 XV
795 3027 850 3079 ff
882 3027 949 3076 65,
981 3027 1250 3067 30·5><21·5
1266 3039 1350 3068 cm.
1381 3028 1403 3067 1
1439 3040 1498 3067 m.

356 3105 558 3146 Thomae
592 3108 646 3147 de
677 3107 861 3158 Aquino
908 3107 1282 3148 Commentarius
1329 3108 1376 3148 in
1421 3109 1603 3149 Boethii
1643 3109 1785 3148 libros
1818 3108 1873 3148 de
1904 3086 2251 3149 consolatione*

358 3163 683 3215 philosophiae
715 3176 814 3204 cum
847 3166 1126 3217 praeambulo
1144 3166 1370 3205 cuiusdam
1396 3170 1586 3218 magistri
1603 3167 1882 3217 (Pragensis),
1901 3169 1973 3217 qui
1991 3179 2029 3206 a.
2053 3165 2162 3205 1455
2173 3163 2224 3216 (ἓ)

358 3222 491 3261 libros
524 3222 690 3262 Boethii
726 3223 807 3262 »ad
840 3224 1190 3263 consolacionem
1225 3235 1463 3275 pauperum
1497 3225 1782 3264 scholarium«
1818 3224 1959 3273 legere
1993 3225 2164 3274 incepit.

1255 3372 1321 3404 552
