2476 3782
367 283 445 316 XlV

366 434 542 474 codices
576 435 809 474 maximam
843 436 1006 484 partem
1037 434 1255 473 veteribus
1287 434 1476 484 ligaturis
1508 435 1689 484 spoliati,
1723 435 1794 484 qui
1815 433 1931 475 unde
1957 435 2230 484 provenerint

365 505 630 553 ignoramus.
665 501 859 554 Quorum
893 501 1092 541 codicum
1116 504 1153 541 si
1175 502 1395 542 dimidiam
1427 508 1591 554 partem
1623 504 1897 542 monasteriis
1919 501 2227 554 addiderimus,

366 574 478 611 sicut
509 583 641 623 supra
672 574 847 611 alteram
879 569 1054 610 Jesuitis
1087 569 1367 611 Clementinis
1399 570 1661 620 addidimuS,
1694 571 1916 622 apparebit
1948 582 2122 610 summa
2153 582 2228 611 co-

366 641 511 680 dicum
546 652 568 680 e
592 642 867 680 monasteriis
899 643 1177 690 acceptorum
1210 640 1382 691 paululo
1415 644 1580 680 tantum
1613 641 1761 689 maior,
1795 651 1926 692 quam
1949 640 2026 680 fuit
2057 651 2232 681 summa

366 710 566 750 codicum
600 710 841 757 latinorum,
874 711 945 760 qui
968 720 991 748 e
1014 711 1203 760 pristinis
1225 711 1515 749 universitatis
1538 709 1727 760 collegiis
1750 713 2050 761 provenerunt.
2083 709 2230 762 ltaque

365 781 542 819 omissis
574 779 667 818 aliis
699 780 974 818 incrementis
1007 778 1246 818 minoribus
1277 777 1518 818 dimidiam
1543 779 1722 831 partem
1754 778 1960 819 codicum
1982 779 2230 820 latinorum

365 859 386 887 e
415 847 720 897 monasteriis,
766 848 963 888 alteram
994 858 1017 888 e
1040 847 1246 900 pristinis
1290 847 1598 888 universitatis
1643 848 1841 900 collegiis
1869 848 1996 889 nobis
2026 849 2235 902 obtigisse

353 916 502 969 facile
524 916 763 969 probatur.

507 985 591 1027 Ubi
625 989 810 1038 primum
842 986 1126 1026 bibliothecae
1168 989 1342 1026 nostrae
1379 985 1587 1026 officiales
1619 986 1675 1026 ab
1706 989 1866 1037 ingenti
1897 988 2056 1037 labore,
2099 999 2230 1040 quem

365 1059 406 1096 in
438 1056 708 1107 recipiendiS,
739 1055 1021 1110 ⁵‚ordinandis
1060 1055 1357 1095 describendis
1405 1055 1674 1095 diversorum
1721 1059 2082 1098 monasteriorum
2113 1058 2229 1097 libris

365 1129 742 1177 consumpserant,
775 1125 998 1176 paululum
1031 1126 1362 1175 respiraverunt,
1407 1124 1604 1164 secundo
1637 1135 1751 1164 saec.
1783 1123 1883 1165 XIX
1914 1126 2126 1167 decennio
2158 1138 2233 1167 co-

366 1195 535 1235 dicibus
567 1205 741 1247 quoque
773 1204 908 1234 manu
941 1195 1110 1245 scriptis
1142 1193 1395 1233 ordinandis
1427 1197 1469 1233 et
1500 1193 1802 1234 describendis
1834 1206 2011 1246 operam
2057 1197 2229 1246 dabant,

365 1267 466 1316 quia
497 1262 820 1304 Scherschnikii
852 1264 1090 1315 catalogue,
1138 1263 1191 1303 de
1224 1274 1310 1316 quo
1344 1274 1476 1315 supra
1522 1264 1724 1312 diximus,
1771 1267 1897 1316 copia
1927 1265 2127 1306 codicum
2158 1277 2232 1318 ge·

364 1337 526 1374 minata
556 1336 670 1374 etin
712 1334 943 1385 ampliores
988 1332 1153 1372 forulos
1199 1335 1363 1384 pristini
1409 1335 1575 1372 musaei
1623 1333 2233 1376 mathematico-astronomici

363 1407 653 1455 transportata
683 1405 767 1442 iam
790 1414 942 1454 parum
973 1403 1164 1442 utilitatis
1195 1402 1440 1455 praebebat.
1475 1401 1662 1454 Quando
1685 1403 1768 1443 hoc
1790 1413 1902 1454 opus
1924 1403 2230 1452 inchoaverint,

364 1477 482 1513 certo
514 1475 751 1521 nescimus,
795 1473 874 1512 sed
906 1472 962 1512 ad
993 1471 1127 1511 finem
1169 1471 1443 1511 deduxerunt
1473 1483 1512 1511 a.
1550 1471 1670 1520 1819,
1703 1476 1751 1512 ut
1781 1472 1969 1512 declarat
2011 1473 2231 1514 decretum

364 1554 398 1583 c.
433 1554 462 1583 r.
486 1543 680 1594 gubernii
703 1542 740 1582 7.
762 1542 879 1594 april.
912 1542 1109 1581 eiusdem
1141 1544 1243 1581 anni
1274 1541 1557 1581 bibliothecae
1589 1545 1763 1581 nostrae
1786 1538 2068 1594 redditum.²9)
2101 1541 2235 1595 Quod

363 1623 490 1664 opus,
513 1615 714 1664 quamvis
735 1614 854 1663 parvi
878 1614 933 1651 sit
955 1613 1088 1663 pretii,
1112 1610 1326 1651 Joannem
1349 1610 1749 1651 Zimmermannum
1773 1613 2038 1663 scriptorem,
2072 1614 2233 1664 quippe

363 1684 435 1734 qui
467 1682 644 1721 demum
676 1680 746 1721 20.
777 1682 863 1721 iulii
901 1680 1007 1721 1815
1041 1680 1325 1721 bibliothecae
1357 1683 1532 1720 nostrae
1564 1679 1796 1720 adiunctus
1830 1683 1896 1730 sit,
1929 1681 2070 1720 solum
2096 1681 2232 1733 perse-

363 1754 477 1791 cisse
509 1753 684 1791 minime
716 1751 771 1790 ad
801 1761 953 1790 verum
985 1750 1173 1797 accedit;
1219 1761 1326 1789 sane
1359 1751 1552 1789 maxima
1582 1760 1683 1800 pars
1717 1750 1978 1790 schedarum
2013 1750 2236 1803 descripti-

361 1831 527 1869 varum,
560 1831 583 1859 e
606 1820 764 1871 quibus
796 1823 951 1871 postea
981 1819 1182 1859 codicum
1214 1819 1398 1869 catalogi
1430 1821 1619 1859 contexti
1651 1822 1764 1867 sunt,
1798 1822 1935 1870 ipsius
1967 1831 2102 1860 manu
2132 1831 2235 1860 exa-

362 1893 454 1929 rata
485 1893 563 1929 est.
596 1889 636 1930 Is
668 1891 796 1929 nimis
829 1890 1030 1928 celeritati
1062 1888 1246 1928 studens
1279 1899 1430 1940 parum
1463 1888 1705 1939 diligentiae
1737 1888 1983 1938 adhibebat,
2017 1889 2135 1941 quod
2166 1892 2232 1930 in-

364 1961 512 2010 primis
558 1958 838 1999 manifestum
871 1962 938 1998 est
968 1961 1010 1997 in
1044 1958 1194 1997 forulis
1225 1957 1253 2006 1,
1299 1957 1369 2006 VI,
1400 1957 1487 2007 VII,
1519 1957 1716 1997 XI—-XV
1757 1958 1933 1998 codices
1979 1961 2238 1998 monasteri-

364 2040 487 2068 orum
519 2029 619 2068 inde
650 2028 705 2067 ab
727 2039 766 2067 a.
794 2027 901 2067 1782
923 2028 1182 2067 abolitorum
1214 2027 1699 2079 comprehendentibus
1732 2030 1775 2067 in
1807 2028 1965 2079 quibus
1997 2030 2235 2068 maximam

365 2102 527 2149 partem
559 2108 739 2149 operum
782 2100 948 2136 tantum
989 2098 1209 2136 initialium
1254 2099 1359 2136 ratio
1391 2097 1538 2136 habita
1569 2100 1647 2136 est.
1699 2096 1745 2136 In
1777 2097 2074 2136 describendis
2115 2097 2233 2137 codi-

366 2168 490 2207 cibus
535 2166 773 2206 forulorum
804 2165 964 2214 Ill—V,
1011 2165 1212 2213 VIII—X,
1261 2169 1333 2218 qui
1379 2167 1511 2206 libros
1556 2165 1817 2205 Jesuitarum
1864 2164 2233 2206 clementinorum

368 2247 502 2276 manu
533 2238 718 2287 scriptos
749 2237 984 2274 maximam
1017 2239 1181 2286 partem
1213 2236 1600 2286 comprehendunt,
1633 2238 1838 2286 exoptato
1869 2235 2129 2274 adminiculo
2161 2245 2231 2274 ca·

368 2306 498 2356 talogi
529 2303 910 2345 Scherschnikiani
956 2315 1067 2343 usus
1100 2308 1178 2351 est,
1212 2307 1284 2356 qui
1327 2315 1426 2344 cum
1458 2305 1593 2344 multo
1640 2306 1881 2344 accuratior
1926 2307 2058 2352 esset,
2105 2305 2236 2344 corri-

368 2375 498 2426 gendi
529 2378 696 2414 tantum
728 2377 770 2413 et
801 2374 1030 2424 supplendi
1063 2384 1223 2413 munus
1256 2376 1292 2412 ei
1325 2373 1577 2413 obeundum
1600 2377 1701 2414 erat.
1733 2372 1817 2414 Cui
1839 2376 2006 2413 muneri
2027 2372 2233 2413 Zimmer-

366 2455 555 2483 mannus
576 2447 726 2483 noster
745 2445 919 2482 minime
942 2442 1162 2482 satisfecit.
1194 2441 1254 2482 Ut
1283 2445 1501 2494 appareat,
1534 2453 1666 2494 quam
1696 2443 1792 2482 vilis
1824 2453 1956 2494 opera
1977 2445 2071 2482 eius
2092 2441 2234 2490 fuerit,

369 2513 565 2552 codicem
611 2511 719 2552 1925
764 2514 899 2561 (nunc
945 2511 997 2551 X.
1029 2511 1078 2550 E.
1111 2511 1178 2560 24,
1225 2511 1342 2563 apud
1384 2510 1768 2552 Scherschnikium
1800 2510 1849 2550 Y,
1881 2511 1908 2552 I.
1947 2511 1982 2552 1.
2014 2523 2055 2551 n.
2087 2510 2114 2550 3
2146 2513 2233 2562 sig·

368 2580 536 2634 natum)
578 2582 874 2633 producimus,
917 2583 1041 2620 cuius
1084 2591 1196 2632 opus
1229 2583 1412 2632 primum
1446 2581 1528 2620 sub
1558 2584 1733 2620 auctore
1778 2581 1926 2621 »Petro
1958 2580 2228 2620 Lombardo‹

367 2654 409 2692 in
427 2653 671 2703 catalogum
703 2652 841 2690 retulit
870 2650 981 2690 falso
1013 2661 1128 2690 anno
1166 2649 1272 2690 1407
1304 2650 1464 2698 addito,
1498 2660 1763 2701 quamquam
1794 2651 1836 2689 in
1859 2650 2056 2701 catalogo
2078 2648 2232 2690 Scher-

371 2722 629 2761 schnikiano
660 2723 773 2760 recte
804 2720 1019 2760 inducitur
1054 2719 1288 2759 »Johannis
1319 2718 1415 2759 Hus
1448 2719 1625 2758 Lectum
1668 2718 1749 2770 (sic
1781 2730 1858 2770 pro
1889 2719 2068 2768 lectura)
2100 2730 2237 2771 super

370 2791 384 2830 I
416 2789 761 2830 Sententiarum«
796 2800 896 2828 cum
928 2792 1043 2828 iusto
1075 2800 1191 2829 anno
1229 2788 1348 2828 1412.
1381 2788 1544 2828 Ibidem
1588 2792 1702 2828 recte
1742 2789 1994 2839 inscriptum
2027 2798 2140 2839 opus
2172 2789 2230 2828 al-

369 2863 507 2899 terum
544 2858 777 2898 »Eiusdem
809 2857 1017 2898 Defensio
1048 2858 1140 2897 libri
1170 2858 1225 2896 de
1255 2855 1460 2897 Trinitate
1490 2856 1582 2896 Joa.
1614 2856 1818 2908 Vicleph‹
1864 2867 2069 2908 perverso
2101 2860 2235 2909 atque

368 2931 514 2980 inepto
546 2929 665 2968 titulo
702 2927 936 2968 »Johannis
966 2926 1160 2979 Viclephi
1191 2925 1399 2966 Defensio
1431 2926 1520 2965 libri
1548 2926 1601 2965 de
1622 2924 1827 2965 Trinitate
1848 2925 2058 2966 Johannis
2080 2925 2226 2966 Huss‹

370 3000 639 3049 permutavit.
691 2997 854 3037 Ibidem
893 3000 1006 3036 recte
1047 2998 1296 3047 inscriptam
1341 2994 1516 3035 »Jacobi
1557 2995 1611 3034 de
1642 2994 1756 3054 Misa
1787 2994 2098 3036 Defensionem
2140 2997 2232 3036 libri

513 3144 565 3197 29)
596 3150 763 3186 Hanslik
793 3151 836 3196 (1,
870 3161 903 3186 c.
942 3150 1039 3196 131)
1071 3149 1292 3195 catalogum
1325 3148 1506 3184 codicum
1537 3147 1747 3184 latinorum
1779 3158 1813 3183 a.
1843 3147 2120 3184 1811—1818
2154 3149 2232 3185 ela-

371 3209 549 3243 boratum
581 3217 666 3243 esse
699 3207 874 3254 affirmat,
907 3207 1020 3254 Spirk
1052 3211 1180 3243 autem
1212 3203 1254 3255 (1.
1289 3217 1321 3243 c.
1344 3202 1416 3254 44)
1447 3207 1658 3242 eorundem
1690 3205 1870 3241 codicum
1902 3205 2122 3252 catalogum
2154 3206 2236 3242 iam

372 3277 407 3303 a.
447 3265 551 3301 1815
585 3265 807 3301 absolutum
840 3275 926 3301 esse
957 3265 1055 3301 falso
1086 3264 1278 3310 opinatur.
