2476 3782
1099 281 1180 320 257

342 419 454 474 253
1016 418 1054 467 Ι.
1093 419 1146 467 F.
1184 418 1267 466 21.

202 513 349 555 chart.
379 525 496 555 saec.
528 513 619 554 XV
645 512 828 566 (14372)
844 512 906 566 ff
940 512 1025 552 162
1055 523 1192 559 num„
1222 510 1340 552 24><
1357 512 1412 552 17
1449 524 1548 560 cm„
1582 512 1662 553 litt.
1681 513 1871 552 minusc.
1905 524 2077 552 renasc.

202 571 284 613 litt.
318 571 364 612 in
394 571 537 613 Italia
569 582 663 611 una
694 582 838 610 mama
869 569 1140 610 nitidissime
1170 571 1399 609 exaratus.

343 652 568 704 Stephani
597 651 740 692 Flisci
796 651 853 692 de
898 649 1106 692 Soncino
1157 650 1436 703 Synonyma
1477 651 1830 702 sententiarum,
1875 651 2080 692 Johanni

205 709 513 759 Melior-antio,
546 712 629 750 civi
659 708 935 759 Vincentino,
968 708 1225 749 cancellario
1258 708 1471 748 Paduano
1503 721 1544 749 a.
1595 707 1705 749 1437
1751 709 1913 750 dicata.
1975 709 2082 761 (Aut

204 769 410 821 originale
442 768 665 820 exemplar
696 766 825 807 dicati
857 769 1001 819 operis
1033 769 1193 818 ipsum,
1227 770 1302 806 aut
1332 768 1636 818 apographum
1658 768 1954 807 sollertissime
1977 779 2079 808 con-

206 829 416 878 scriptum
449 829 491 866 in
524 826 744 878 praeclara
776 826 925 865 charta
955 825 1096 864 italica
1127 836 1242 864 saec.
1277 824 1390 876 XV).

338 898 387 935 A.
424 897 531 934 1609
566 898 694 933 codex
729 896 822 932 bibl.
855 896 1179 942 Rosenbergicae,
1212 897 1300 932 dein
1336 902 1508 934 monast.
1541 895 1708 933 Tfebon.
1741 897 1824 933 fuit.

343 1020 456 1075 254
1014 1021 1053 1069 I.
1094 1020 1147 1068 F.
1185 1020 1267 1069 22.

203 1116 348 1157 chart.
378 1126 494 1156 saec.
526 1114 602 1156 XI
606 1113 791 1154 V-—XV
801 1114 863 1168 ff
897 1114 997 1163 188,
1028 1114 1084 1154 22
1102 1114 1222 1155 ><15
1248 1125 1331 1154 cm.
1364 1114 1388 1154 1
1424 1126 1483 1154 m.

337 1196 364 1236 f.
394 1193 599 1236 1⁸—172b
632 1197 844 1247 (anepigr.)
874 1195 1195 1236 Auctoritates
1227 1195 1525 1236 diversorum
1556 1199 1800 1237 auctorum
1821 1197 1876 1238 de
1898 1197 2079 1238 virtuti-

204 1255 292 1296 bus
323 1258 370 1295 et
399 1254 547 1295 vitiis.
586 1253 675 1293 »De
708 1254 807 1294 fide.
833 1253 1108 1293 Bernardus:
1140 1253 1304 1305 Magna
1325 1253 1441 1293 fides
1465 1265 1627 1305 magna
1648 1258 1859 1294 meretur«
1885 1256 1929 1294 ><
1955 1256 2079 1295 »huic

203 1313 340 1354 dolori
372 1312 522 1353 delicie
559 1316 700 1352 sunt«

346 1382 372 1423 f.
412 1380 682 1422 172b-184b
715 1384 926 1430 (anepigr.)
957 1381 1245 1422 Testimonia
1269 1382 1603 1433 prophetarum
1626 1382 1682 1422 de
1704 1381 1894 1423 Christo
1916 1386 2081 1424 contra

202 1439 434 1481 iudaicam
462 1440 742 1492 pravitatem
776 1438 919 1492 (Opus
953 1442 994 1479 in
1027 1440 1113 1480 fine
1146 1440 1379 1488 mutilum).
1417 1439 1658 1493 »Quamvis
1690 1443 1775 1480 iam
1798 1452 1910 1492 pene
1932 1445 2080 1482 omnia

201 1501 360 1540 veteris
392 1501 639 1538 testamenti
671 1499 896 1538 volumina
926 1500 1225 1538 testimonium
1258 1497 1433 1538 Christo
1466 1499 1743 1550 perhibeant«
1780 1500 1823 1536 ><
1859 1499 1954 1539 »Ille
1987 1511 2079 1540 ver-

203 1559 287 1597 mis
316 1557 473 1597 videns
505 1556 730 1609 quoddam
764 1567 970 1608 pomum«
1006 1558 1168 1605 (cetera
1199 1555 1391 1603 desunt).

342 1625 370 1666 f.
410 1625 678 1666 1852—187·
710 1625 957 1678 Registrum
989 1627 1306 1665 auctoritatum.

336 1696 364 1736 f.
403 1693 505 1737 187b
538 1694 582 1736 S.
616 1695 823 1736 Bernardi
854 1695 1081 1747 Expositis)
1128 1698 1335 1735 orationis
1389 1695 1649 1739 dominicae,
1699 1708 1830 1750 quam
1877 1701 2082 1749 peccator

200 1753 314 1804 dicit,
346 1757 415 1794 cui
449 1753 561 1794 deus
593 1753 842 1806 respondet.

339 1823 367 1864 f.
407 1823 506 1864 188·
536 1823 677 1863 Arbor
706 1826 1097 1875 consanguinitatis
1129 1834 1230 1863 cum
1264 1826 1625 1875 interpretatione
1644 1825 1874 1865 bohemica
1905 1809 2079 1874 <beske

201 1877 353 1934 nazvy
381 1877 736 1934 ph'buzenstvi.)

342 1951 368 1992 f.
409 1948 510 1992 188b
542 1950 681 1992 Notae
714 1954 860 1992 variae
894 1951 1176 2002 theologicae.

339 2023 545 2071 Operculis
578 2024 752 2070 adligata
782 2028 875 2059 sunt
906 2023 1064 2060 membr.
1098 2022 1164 2060 fol.
1198 2023 1347 2059 codicis
1382 2032 1488 2061 saec.
1522 2022 1615 2059 XIV
1639 2035 1786 2071 argum.
1821 2027 2077 2071 grammatici.

194 2080 226 2118 E
270 2086 469 2119 conventu
501 2083 585 2118 ord.
619 2081 836 2119 praedicat.
870 2081 1062 2118 Plznensi.

333 2205 442 2259 255
479 2206 586 2261 256
939 2207 978 2255 I.
1016 2206 1069 2255 F.
1107 2206 1180 2254 23
1214 2208 1260 2256 et
1283 2204 1365 2254 24.

198 2296 380 2341 Codices
410 2300 499 2340 duo
532 2301 677 2341 chart.
708 2312 826 2342 saec.
858 2298 1024 2340 XVIII
1046 2298 1142 2352 (cca
1173 2297 1319 2351 1747),
1355 2310 1555 2351 quorum
1597 2300 1716 2340 alter
1754 2301 1823 2348 56,
1869 2303 1987 2342 alter
2021 2301 2079 2344 46

188 2356 240 2412 ff
274 2358 474 2406 continet,
505 2358 669 2400 20><16
685 2371 782 2408 cm„
798 2360 1149 2413 praeterpauca
1169 2357 1488 2397 additamenta
1503 2369 1599 2398 una
1623 2370 1766 2399 manu
1779 2358 1847 2412 (P.
1876 2358 2078 2401 Christo-

186 2415 325 2469 phori
351 2415 504 2456 lidiklis
537 2416 870 2458 bibliothecarii
878 2416 920 2468 .?)
955 2415 1129 2456 cursim
1159 2415 1352 2455 exarati.

341 2496 553 2548 Catalogi
582 2499 892 2540 bibliothecae
924 2498 1116 2539 maioris
1148 2496 1333 2548 collegii
1363 2495 1409 2537 S.
1441 2496 1484 2537 J.
1519 2496 1803 2539 Clementini
1844 2499 1889 2551 a)
1922 2503 2076 2541 orato-

195 2566 300 2596 rum
331 2556 419 2596 sub
449 2555 586 2597 litera
614 2556 650 2597 P
680 2557 746 2609 (n.
777 2556 854 2609 23)
888 2557 936 2609 b)
969 2556 1230 2597 ethicorum
1261 2555 1348 2595 sub
1379 2554 1518 2595 litera
1549 2554 1588 2596 Ο
1622 2555 1686 2607 (n.
1718 2556 1807 2609 24).
1841 2556 1925 2607 (Cf.
1958 2558 2075 2599 Han-

196 2613 292 2662 slik,
325 2612 488 2654 Gesch.
521 2626 562 2654 u.
596 2615 774 2656 Beschr.
807 2615 847 2655 d.
882 2616 1041 2667 Prager
1071 2613 1332 2654 Univ.-Bibl.
1370 2625 1411 2665 p.
1444 2613 1534 2661 51.)

333 2716 442 2782 257'
1022 2730 1060 2779 J.
1098 2729 1151 2777 F.
1190 2729 1271 2778 25.

194 2820 339 2862 chart.
372 2834 416 2863 a.
446 2822 735 2865 1455—1459
750 2824 811 2878 ff
844 2824 943 2873 307,
975 2825 1032 2865 22
1050 2826 1168 2866 ><16
1198 2837 1297 2872 cm„
1349 2823 1610 2863 maximam
1634 2825 1816 2876 partem
1857 2836 1887 2865 a
1933 2822 2076 2866 Cruce

194 2878 249 2920 de
285 2878 405 2920 Telcz
436 2884 666 2922 exaratus.

339 2961 368 3002 f.
407 2961 617 3004 12—12812
648 2963 882 3005 Johannis
912 2964 1135 3005 Versoris
1184 2963 1503 3017 Quaestiones
1545 2962 1627 3002 XII
1658 2962 1883 3004 librorum
1927 2963 2073 3004 Meta-

191 3019 420 3072 physicae
449 3020 735 3063 Aristotelis.
773 3023 852 3062 »Et
884 3026 947 3063 sic
980 3027 1049 3063 est
1079 3023 1180 3063 finis
1211 3022 1301 3063 XII.
1335 3022 1427 3060 libri
1472 3020 1775 3073 Metaphysiee
1807 3034 1844 3061 a.
1880 3021 1920 3061 d.
1963 3021 2073 3062 1459

192 3077 602 3176 &Vrenxcleailreiiiigffia
633 3092 668 3120 s.
702 3081 876 3121 Andree
909 3093 984 3132 per
1016 3080 1215 3122 Crucem
1246 3080 1302 3121 de
1334 3079 1468 3120 Telcz
1502 3079 1636 3130 Frage
1669 3082 1710 3118 in
1743 3081 1925 3131 collegio
1959 3083 2071 3131 regis

331 3205 359 3303 ξ.
399 3205 478 3246 129
525 3206 691 3257 Aegidii
744 3207 798 3246 de
849 3207 1067 3247 Columna
1117 3207 1300 3247 Romani
1349 3207 1402 3247 22
1451 3210 1771 3258 propositiones
1815 3207 1868 3246 de
1900 3211 1998 3246 ente
2031 3210 2073 3246 et

191 3274 329 3303 essen
349 3275 401 3303 ia.

1100 3415 1164 3447 105
