2476 3782
1077 280 1165 320 570

181 419 451 471 Borgardum
484 419 537 458 de
570 419 717 459 Monte
749 417 872 471 Syon
899 449 908 459 .
936 450 944 457 .
972 450 980 458 .
1007 417 1229 468 Prologus
1297 415 1592 455 Dilectissimo
1634 418 1675 454 in
1709 414 1809 454 Chr.
1844 417 1976 465 patri«
2014 415 2055 450 ><

187 480 284 517 »vix
315 488 416 517 eum
448 480 580 517 nimio
613 489 686 529 pre
718 477 865 516 dolore
898 478 1114 527 cognovit.
1157 474 1212 513 Et
1244 477 1308 513 sic
1341 477 1410 513 est
1440 473 1540 512 finis
1574 474 1744 512 huius«
1813 471 2054 523 Registrum

181 537 326 587 operis
358 538 582 586 sequentis
613 538 655 575 in
687 534 712 574 2
745 534 786 574 ff.
818 545 907 573 non
939 544 1058 573 num.

320 604 348 644 f.
386 598 597 644 112-'4612
627 606 837 652 (anepigr.)
869 601 1032 654 Cyrilli
1063 601 1204 652 episc.
1267 599 1599 651 Apologeticus
1633 599 1708 650 (z
1741 598 2056 651 Quadriparti-

179 665 282 703 tum
314 661 523 710 morale).
589 660 868 702 »Secundum
910 660 1141 699 Aristotilis
1187 660 1457 698 sentenciam
1500 660 1542 697 in
1578 658 1976 696 Probleumatibus«
2015 659 2055 692 ><

186 720 391 770 »digestis
424 722 596 772 quievit.
629 718 904 770 Completum
937 717 1011 757 fer.
1045 717 1095 758 Ill
1128 721 1229 768 post
1260 716 1429 768 palmas
1462 727 1500 754 a.
1534 716 1573 754 d.
1612 714 1759 755 1432«

319 789 455 830 Index
485 789 783 841 alphabeticus
816 790 959 839 operis
993 789 1217 838 sequentis
1250 789 1291 825 in
1324 785 1350 824 3
1384 784 1424 825 ff.
1459 796 1547 824 non
1580 796 1698 824 num.

319 869 346 910 s.
378 866 624 910 472—12312
655 869 796 917 (rubr.)
832 869 1006 920 »incipit
1037 868 1245 920 prologus
1277 865 1642 917 (commentarii)
1674 866 1717 906 S.
1751 865 2054 917 Augustini..

179 928 230 968 in
259 927 507 979 epistolam
538 927 811 968 canonicam
843 926 913 978 (Ι.)
946 937 983 967 S.
1015 925 1246 966 Johannis
1275 958 1279 963 .
1318 957 1328 970 ,
1368 957 1376 965 .
1413 936 1543 976 quam
1587 924 1642 963 ad
1690 924 1900 975 populum
1947 923 2055 963 infra

180 986 474 1026 ebdomadam
506 985 726 1037 pascalem
759 985 1033 1036 predicavit«
1075 983 1295 1023 »Meminit
1327 985 1536 1022 sanctitas
1568 986 1737 1022 vestra«
1776 983 1818 1019 ><
1856 980 2054 1022 »Christo

184 1044 433 1096 predicanti.
465 1043 649 1095 Explicit
680 1044 786 1082 liber
817 1043 855 1082 b.
890 1043 1122 1094 Augustini
1155 1042 1347 1081 doctoris
1381 1043 1566 1080 eximii«

319 1124 345 1164 s.
384 1122 651 1164 1248-1291)
689 1123 880 1164 »Oracio
913 1123 1014 1163 sive
1041 1122 1257 1174 planctus
1297 1121 1539 1173 passionis
1571 1120 1746 1162 Christi
1778 1121 1836 1160 ad.
1878 1132 1916 1160 s.
1960 1120 2058 1160 Ma-

177 1181 298 1223 riam
327 1181 559 1233 virginem
589 1181 742 1222 editus
774 1193 802 1221 a
831 1182 871 1222 b.
895 1181 1159 1232 Augustino
1191 1180 1262 1233 (ἲ).
1297 1180 1406 1232 Quis
1440 1180 1558 1219 dabit
1589 1182 1715 1231 capiti
1750 1190 1848 1218 meo
1867 1190 2054 1230 aquam«

183 1241 225 1282 Χ
261 1245 328 1280 »et
357 1241 466 1280 ultra
498 1251 597 1279 cum
630 1239 734 1279 Jesu
766 1239 854 1279 filio
886 1243 999 1279 tuo«

318 1319 346 1360 f.
384 1320 654 1360 1312—19221
685 1321 895 1369 (anepigr.)
957 1319 1338 1361 Commentarius
1380 1318 1432 1360 in
1473 1318 1719 1360 Canticum
1757 1317 2057 1358 canticorum.

185 1377 443 1419 ›Osculetur
473 1390 542 1418 me
575 1379 727 1419 osculo
760 1382 846 1418 oris
880 1381 959 1418 sui.
993 1378 1046 1417 Et
1078 1381 1216 1429 primo
1248 1380 1290 1416 in
1324 1388 1462 1417 sensu
1493 1378 1751 1416 historiaco‹
1789 1377 1831 1413 ><
1868 1376 2056 1415 »ducen-

181 1442 235 1479 tis
266 1439 308 1478 in
340 1447 520 1488 corpore
552 1441 594 1476 et
624 1440 809 1477 omnia«
846 1436 1050 1488 Sequitur
1080 1436 1212 1475 index
1243 1436 1544 1487 alphabeticus
1578 1438 1621 1475 in
1653 1435 1680 1474 f.
1715 1445 1803 1474 uno
1821 1445 1911 1474 non
1934 1445 2053 1473 num.

320 1517 346 1558 f.
385 1516 651 1557 1932—219·
681 1518 892 1570 (anepigr.)
924 1518 1130 1559 Senecae
1162 1516 1305 1569 (recte
1336 1516 1525 1557 Martini
1545 1515 1893 1563 Braccarensis)
1920 1514 2059 1555 Liber

180 1576 238 1616 de
266 1573 329 1615 1v
358 1575 609 1616 virtutibus
641 1576 951 1617 cardinalibus
983 1587 1090 1617 cum
1121 1574 1458 1616 commentario
1505 1578 1551 1615 et
1592 1574 1832 1614 nonnullis
1883 1573 2059 1624 glossis

182 1633 455 1674 bohemicis.
493 1632 671 1674 »Sciens
703 1646 759 1674 ex
789 1635 1062 1686 irrefragabili
1094 1637 1311 1674 veritate«
1353 1633 1576 1684 »Quatuor
1607 1637 1711 1672 sunt
1731 1635 1937 1672 virtutum
1961 1643 2060 1683 spe-

183 1693 298 1732 cies«
333 1693 379 1731 ><
415 1691 715 1732 »deficientem
748 1696 1031 1744 contempnat
1062 1695 1319 1742 ignaviam:

321 1771 346 1812 s.
381 1770 655 1812 219b—254b
686 1773 798 1813 Aur.
829 1772 1066 1814 Prudentii
1107 1772 1364 1814 Clementis
1395 1771 1765 1824 Psychomachia
1796 1782 1902 1811 cum
1934 1782 2056 1811 com-

181 1829 411 1870 mentario
442 1831 685 1882 marginali
716 1834 762 1871 et
791 1831 1088 1871 interlineari.
1150 1830 1294 1870 »Ecce
1348 1842 1503 1870 servus
1551 1841 1676 1869 meus
1723 1829 1965 1880 intelliget«
2003 1852 2059 1856 -—

185 1886 359 1928 »Senex
389 1888 558 1928 fidelis«
594 1891 637 1926 ><
672 1889 821 1929 »dives
855 1893 1076 1942 sapiencia
1107 1894 1296 1939 regnet«

319 1959 524 2007 Operculis
557 1962 730 2007 adligata
761 1966 853 1997 sunt
884 1962 1099 2008 fragmenta
1118 1962 1331 1997 membran.
1356 1961 1504 1997 codicis
1527 1961 1734 1996 cuiusdam
1757 1959 1927 2004 liturgici
1951 1968 2054 1994 saec.

180 2016 402 2054 X11-X111
433 2019 586 2055 neumis
618 2020 811 2056 instructi.

322 2129 428 2184 569
782 2132 877 2181 III.
918 2132 984 2181 H
1024 2132 1104 2180 16.
1146 2142 1204 2183 (Y-
1231 2141 1257 2175 I-
1289 2142 1496 2176 l.n.104.›

181 2224 326 2264 chart.
358 2236 473 2264 saec.
505 2224 669 2279 XVff.
699 2225 798 2269 314,
831 2226 888 2266 22
909 2227 1022 2266 ><16
1053 2238 1135 2266 ειη.
1170 2226 1210 2266 d.
1244 2237 1302 2265 m.

317 2303 505 2346 Veteris
535 2305 822 2346 Testamenti
867 2306 991 2347 libri:
1040 2306 1253 2356 Genesis,
1300 2305 1506 2355 Exodus,
1553 2305 1805 2354 Leviticus,
1852 2303 2058 2351 Numeri,

180 2361 611 2414 Deuteronomium,
632 2363 792 2414 Josue,
813 2364 843 2405 J
846 2364 1045 2414 udicum,
1068 2365 1205 2414 Ruth,
1228 2364 1419 2416 Regum,
1442 2363 1846 2415 Paralipomenon,
1866 2361 2056 2410 Esdrae,

180 2419 415 2471 Neemiae,
453 2421 635 2473 Tobiae,
674 2422 852 2472 Judith,
894 2422 1076 2473 Esther,
1119 2423 1525 2471 Machabaeorum,
1556 2422 1659 2471 Job,
1702 2433 1802 2461 cum
1836 2421 2055 2460 nonnullis

181 2479 345 2530 glossis
377 2479 617 2520 bohemicis
649 2483 690 2520 in
724 2484 928 2532 margine.

321 2550 364 2587 In
395 2551 462 2588 sol,
495 2553 707 2590 membran.
739 2553 955 2599 praeligato
989 2557 1176 2589 notantur
1217 2553 1376 2599 quidam
1419 2556 1645 2599 peccatores
1692 2561 1780 2587 cum
1828 2553 2057 2596 interpreta-

182 2609 287 2644 tione
319 2609 546 2647 bohemica:
582 2611 847 2647 »divinatores
879 2612 1073 2657 hadaczy,
1105 2615 1397 2657 precantatores
1430 2611 1529 2656 (sic)
1562 2610 1832 2656 zaklynaczy«
1870 2614 1942 2647 etc.

325 2721 434 2775 57⁰
792 2722 887 2772 III.
927 2722 994 2771 H.
1039 2723 1113 2771 17.
1152 2733 1211 2770 (Y.
1253 2733 1280 2766 1.
1309 2734 1338 2766 1.
1357 2743 1390 2766 n.
1409 2734 1479 2774 75.)

183 2816 329 2856 chart.
361 2827 476 2856 saec.
510 2815 774 2857 XIV—XV
789 2816 854 2869 ff.
879 2817 978 2866 164,
999 2818 1102 2857 215
1117 2818 1160 2854 ><
1176 2818 1234 2858 16
1253 2828 1337 2857 cm.
1364 2817 1382 2856 l
1407 2829 1467 2856 m.

322 2896 350 2937 f.
388 2895 542 2936 lb-—9a
573 2897 797 2950 Quaestio
835 2903 1003 2938 »utrum
1021 2900 1091 2938 lex
1108 2902 1237 2937 vetus
1258 2897 1383 2937 fuerit
1403 2900 1575 2948 gravior
1591 2907 1722 2948 quam
1747 2899 1800 2935 sit
1822 2896 1891 2936 lex
1913 2907 2052 2936 nova«

185 2956 227 2991 ><
263 2958 335 2994 »ut
365 2957 501 2994 eciam
535 2955 682 2996 dicunt
722 2957 994 3008 Augustinus
1032 2960 1074 2996 et
1105 2955 1328 3007 Origenes
1373 2955 1427 2994 Et
1458 2958 1519 2994 sic
1554 2960 1622 2993 est
1655 2954 1755 2993 finis
1788 2954 1917 2993 huius
1951 2965 2058 3005 que-

189 3015 380 3052 stionis.«

324 3081 350 3121 s.
389 3080 628 3121 100—164b
679 3083 723 3123 S.
764 3082 894 3124 Pauli
939 3081 1143 3133 apostoli
1190 3082 1430 3133 Epistolae
1471 3082 1528 3121 ad
1569 3080 1772 3129 GalataS,
1813 3079 2058 3131 Ephesios,

186 3138 522 3190 Philippenses,
554 3139 879 3191 colossenses,
910 3140 1368 3189 Thessalonicenses,
1400 3139 1707 3187 Timotheum,
1738 3138 1906 3188 Titum,
1948 3138 2059 3178 Phi-

186 3197 420 3237 lemonem
451 3199 786 3239 commentario
816 3199 1083 3239 instructae.
1122 3198 1329 3237 »Calathe
1363 3202 1465 3237 sunt
1487 3196 1638 3236 Greci«
1676 3198 1716 3234 ><
1746 3199 1883 3236 »sicut
1908 3208 2058 3237 exem-

187 3255 348 3306 platum
381 3256 436 3294 ab
469 3257 716 3307 exemplari,
749 3268 880 3308 quam
912 3259 1100 3307 graciam
1135 3257 1262 3295 nobis
1296 3255 1491 3295 conferat
1522 3254 1557 3294 J.
1581 3254 1682 3295 Chr.
1707 3255 1747 3295 d.
1771 3266 1827 3299 n..
1852 3258 1947 3305 qui«
1975 3260 2055 3294 etc.

1088 3404 1155 3436 ⁶233
