2476 3782
1256 285 1361 327 1657

515 424 636 477 1657
1133 422 1271 474 VIII.
1307 423 1374 474 H.
1424 425 1502 474 74.

374 528 621 569 membran.
654 539 696 568 a.
729 527 843 568 1582
873 528 930 580 <?)
947 527 1009 582 ff
1041 528 1139 578 160,
1169 529 1274 570 255
1288 532 1330 568 ><
1352 531 1406 572 18
1435 542 1535 579 cm„
1596 528 1786 570 diversis
1826 528 2039 574 manibus
2068 527 2240 569 nitidis-

373 586 487 626 sime
515 587 733 626 exaratus
764 587 801 625 et
831 586 1103 635 rubricatus,
1136 586 1198 627 lit.
1230 587 1324 629 init.
1349 588 1484 642 pictis
1513 590 1552 628 et
1595 586 1831 628 deauratis
1870 587 2123 627 exornatus.
2186 584 2241 627 In

362 642 449 695 fol.
475 644 732 696 praeligato
764 645 827 683 est
861 643 1018 684 tabula
1059 644 1265 686 exhibens
1286 645 1479 699 figuras
1518 644 1793 698 allegoricas
1831 643 2003 697 egregie
2041 643 2163 697 picta
2202 643 2241 683 et

377 703 569 750 aurata,
619 702 725 741 item
762 701 812 741 in
838 700 998 752 fronte
1027 700 1071 753 f.
1114 702 1163 742 1²
1195 701 1391 756 insignia
1432 703 1701 756 respublicae
1738 701 1923 742 Venetae
1966 701 2172 742 colorata
2203 701 2242 741 et

375 759 614 799 deaurata.
648 756 870 811 Opercula
916 759 1066 811 lignea
1096 760 1219 800 corio
1238 759 1378 812 fusco
1410 761 1616 810 obducta,
1650 759 1725 801 cui
1745 771 1861 800 auro
1893 759 2113 813 impressa
2136 759 2243 799 sunt

377 816 515 856 varia
546 827 810 856 ornamena.
843 815 1029 858 Frontes
1059 817 1170 858 libri
1197 818 1460 860 deauratae.

381 921 611 962 »Bulletae
642 921 876 963 Venetae«
912 932 997 962 seu
1026 921 1182 972 potius
1214 922 1398 963 decreta
1429 925 1622 963 senatus
1654 921 1820 962 Veneti
1860 920 2140 962 mercatoria
2183 920 2241 961 ab

738 990 777 1020 a.
812 978 921 1020 1283
953 990 1102 1030 usque
1133 979 1190 1020 ad
1221 991 1261 1020 a.
1282 975 1420 1029 ‘1565,
1453 980 1597 1021 latina
1629 982 1675 1020 et
1704 979 1872 1019 italica.

521 1060 547 1100 f.
587 1061 630 1099 1²
666 1059 804 1102 »Cum
837 1071 891 1100 ex
921 1063 1125 1100 varietate
1158 1060 1398 1101 officiorum
1423 1065 1546 1101 trium
1571 1061 1838 1101 tabularum<
1864 1060 1907 1098 ><
1929 1059 1954 1099 f.
1984 1055 2082 1101 141b
2107 1058 2244 1099 >nella

379 1119 575 1169 predetta
610 1118 956 1158 deliberatione«

522 1198 549 1239 f.
588 1195 857 1239 1422—1601’
889 1197 1061 1239 Tabula
1094 1202 1397 1239 contentorum
1430 1200 1715 1251 alphabetica.

522 1292 580 1331 Cf.
613 1293 780 1330 Hanslik
811 1305 849 1340 p.
884 1293 979 1331 611.
1240 1286 1242 1288 μ

517 1404 643 1458 Ι658
1141 1405 1284 1455 VIII.
1314 1406 1378 1455 H
1420 1407 1497 1456 75.

379 1498 522 1540 chart.
551 1510 668 1540 saec.
700 1496 864 1539 XVIII
874 1498 937 1552 ff.
970 1498 1025 1539 18
1055 1496 1162 1548 (÷8
1191 1498 1315 1551 tab.),
1343 1500 1401 1541 32
1420 1498 1457 1541 ><
1477 1500 1530 1540 21
1549 1511 1633 1540 cm.
1667 1500 1690 1540 1
1723 1512 1782 1541 m.

380 1591 572 1631 »Missio
602 1590 911 1641 Asophiensis
943 1594 989 1631 et
1018 1590 1417 1642 Taganrokensis«
1453 1592 1652 1643 (Relatio
1685 1592 1926 1632 cuiusdam
1958 1587 2245 1630 missionarii

375 1648 612 1689 Austriaci
644 1648 862 1690 catholici
893 1650 948 1689 de
979 1648 1145 1690 itinere
1174 1649 1400 1690 Asoviam
1446 1653 1492 1690 et
1522 1649 1764 1701 Taganrok
1794 1661 1833 1690 a.
1869 1647 1980 1689 1700
2025 1647 2149 1688 facto
2199 1649 2246 1686 et

377 1708 432 1747 de
465 1706 672 1748 moribus
705 1709 751 1747 et
780 1706 1010 1747 institutis
1040 1706 1340 1748 Tartarorum
1372 1707 1736 1760 Calmucorum).
1783 1707 1908 1747 Liber
1937 1706 1964 1747 8
1996 1705 2154 1746 tabulis
2175 1714 2244 1744 ru-

1040 1765 1147 1813 diter
1177 1768 1302 1817 pictis
1333 1766 1582 1806 illustratus.

523 1846 580 1884 Cf.
613 1847 780 1884 Hanslik
812 1859 852 1895 p.
886 1847 980 1885 613.

517 1982 638 2036 1659
962 1982 1095 2033 VIII.
1134 1983 1202 2033 H.
1241 1984 1320 2034 76.
1359 1995 1420 2038 (Y.
1444 1996 1472 2028 I.
1499 1996 1530 2030 1.
1554 2005 1589 2028 n.
1616 1995 1707 2038 127.)

377 2087 628 2128 membran.
659 2099 774 2128 saec.
806 2087 899 2128 XV
924 2099 985 2128 ex.
1003 2088 1066 2142 ff
1099 2090 1184 2130 116
1224 2089 1297 2142 (z
1314 2090 1400 2131 232
1438 2091 1508 2143 pp.
1557 2091 1710 2141 num),
1758 2091 1876 2132 23><
1889 2089 1946 2131 16
1989 2100 2090 2134 cm,
2150 2095 2244 2127 nna

380 2157 524 2186 manu
554 2146 779 2198 eleganter
808 2148 1034 2194 exaratus,
1083 2147 1143 2187 lit.
1191 2147 1285 2187 init.
1325 2148 1460 2200 pictis
1505 2150 1543 2188 et
1587 2148 1825 2189 deauratis
1856 2149 2111 2188 exornatus.
2172 2143 2243 2184 In-

376 2203 637 2255 scriffiiones
665 2203 953 2255 singulorum
986 2204 1216 2245 librorum
1247 2205 1309 2245 lit.
1342 2206 1471 2258 capit.
1505 2206 1673 2255 aureis,
1720 2206 1992 2259 argumenta
2040 2202 2151 2244 libri
2179 2199 2251 2243 IV

379 2262 527 2301 colore
557 2261 779 2310 caeruleo,
830 2263 972 2301 textus
994 2263 1076 2314 per
1106 2264 1248 2302 totum
1279 2264 1426 2303 colore
1455 2264 1599 2304 rubro
1629 2264 1823 2317 scriptus
1853 2265 1926 2303 est.
1995 2260 2170 2302 Titulus
2199 2259 2247 2299 in

365 2317 408 2370 f.
442 2319 491 2358 1a
515 2318 709 2371 picturis
738 2319 885 2359 variis
914 2342 971 2347 —
1001 2320 1048 2359 in
1065 2318 1224 2371 fronte
1255 2323 1318 2361 est
1348 2320 1518 2374 effigies
1558 2320 1804 2362 Wladislai
1831 2320 1968 2373 regis,
1994 2319 2057 2359 ad
2076 2319 2247 2359 calcem

378 2376 549 2429 insigne
578 2383 823 2428 regnorum
857 2377 1056 2417 eiusdem
1086 2401 1144 2406 —
1173 2378 1369 2430 undique
1399 2378 1608 2431 cingitur.
1644 2378 1864 2432 Opercula
1885 2378 2026 2418 chart.
2051 2376 2246 2417 obducta

379 2434 552 2483 sericiS,
583 2433 745 2485 quibus
761 2433 855 2486 fila
887 2446 1034 2476 aurea
1064 2436 1232 2476 intexta
1259 2438 1377 2478 sunt.

384 2525 479 2567 »Ad
531 2525 688 2566 divum
734 2526 1043 2567 Wladislaum
1088 2528 1445 2568 serenissimum
1491 2528 1962 2579 potentissimumque
2015 2524 2246 2577 Ungharie

380 2595 432 2624 ac
462 2583 684 2624 Bohemie
715 2594 870 2635 regem
911 2595 1097 2635 semper
1141 2585 1367 2626 invictum
1413 2586 1754 2627 Pronostichon
1801 2589 1847 2626 et
1894 2583 2247 2641 Panagyrichon

380 2640 554 2682 editum
584 2652 666 2692 per
694 2641 926 2682 Joannem
957 2642 1232 2683 Michaelem
1252 2643 1516 2695 Nagonium
1539 2644 1688 2684 civem
1709 2644 1970 2684 Romanum
1993 2646 2039 2682 et
2059 2644 2247 2693 poetam

1161 2701 1460 2742 laureatum«

524 2793 700 2829 Dubitari
731 2804 810 2829 non
840 2798 982 2840 potest,
1014 2796 1108 2840 quin
1139 2796 1381 2841 praeclarum
1411 2797 1486 2833 hoc
1537 2796 1733 2843 exemplar
1774 2796 1947 2832 oblatum
1979 2795 2030 2831 sit
2060 2795 2133 2843 ipsi
2165 2795 2246 2840 regi

380 2853 429 2888 ab
461 2854 631 2887 auctore.
664 2850 775 2888 Saec.
807 2850 917 2887 XVII
948 2852 1073 2888 codex
1105 2856 1184 2889 erat
1215 2853 1420 2890 cuiusdam
1451 2854 1649 2891 Francisci
1698 2853 1920 2890 Sebastiani
1962 2852 2132 2899 RIptoris
2177 2852 2245 2900 (Ρ),

382 2909 447 2956 qui
479 2919 580 2954 eum,
643 2913 685 2944 ut
717 2909 831 2944 docet
862 2909 1063 2955 inscriptio
1109 2911 1208 2946 inter
1241 2911 1366 2947 lineas
1408 2911 1522 2956 tituli,
1585 2923 1619 2948 a.
1667 2911 1773 2947 1638
1820 2915 1916 2958 sept.
1967 2910 2020 2946 24
2061 2910 2246 2948 sodalitio

381 2969 419 3004 b.
444 2967 541 3012 virg.
572 2964 721 3002 Mariae
752 2966 835 3002 sine
866 2967 953 3002 labe
986 2971 1197 3014 conceptae
1218 2967 1541 3015 Kuttenbergensi
1563 2969 1734 3013 donavit,
1758 2970 1860 3004 unde
1881 2972 1976 3004 teste
1994 2968 2245 3004 Scherschni·

384 3026 449 3061 kio
480 3023 564 3073 (qui
604 3023 743 3058 librum
785 3025 858 3059 sub
899 3024 1011 3060 titulo
1078 3025 1134 3062 »J.
1176 3025 1229 3061 M.
1277 3025 1443 3073 Nagonii
1478 3055 1485 3063 .
1521 3056 1528 3064 .
1564 3057 1572 3065 .
1605 3030 1828 3073 poematum
1871 3026 1957 3062 libri
1988 3026 2066 3062 IV«
2100 3025 2244 3072 Pragae

386 3082 492 3118 1777
527 3081 665 3127 edidit)
698 3092 720 3116 a
749 3086 896 3117 rectore
928 3082 1079 3128 collegii
1115 3082 1153 3119 S.
1186 3082 1218 3120 J.
1253 3083 1459 3130 Pragensis
1493 3086 1713 3130 redemptus
1761 3088 1797 3120 et
1845 3083 2104 3120 bibliothecae
2156 3082 2242 3119 Cle-

381 3142 574 3175 mentinae
606 3140 775 3174 insertus
807 3143 876 3176 est.
912 3138 1105 3185 Operculo
1137 3150 1263 3187 super.
1306 3142 1455 3178 codicis
1497 3141 1619 3178 nostri
1659 3141 1846 3187 inscripta
1888 3145 1946 3177 est
1987 3152 2105 3177 manu
2147 3141 2245 3177 cele-

381 3198 533 3234 berrimi
568 3195 673 3231 illius
705 3196 847 3243 Pragae
878 3199 1181 3243 propugnatoris
1213 3198 1250 3235 P.
1286 3198 1441 3245 Georgii
1478 3194 1727 3236 Ostermanni
1760 3198 1906 3245 Plachy
1938 3209 1971 3236 a.
2011 3199 2116 3235 1663
2149 3202 2244 3235 nota

383 3253 664 3301 praestantiam
696 3258 733 3289 et
764 3254 841 3289 fata
871 3254 958 3289 libri
991 3265 1244 3294 concernens.
1278 3256 1333 3294 Cf.
1367 3257 1533 3293 Hanslik
1563 3267 1600 3303 p.
1636 3256 1730 3294 609.

1278 3402 1348 3435 614
