2476 3782
1142 378 1168 382 -
1307 305 1553 383 Αἲξ-,Χ

557 454 669 507 423
1017 456 1110 505 III.
1152 457 1206 505 B.
1245 457 1324 505 14.
1353 467 1411 507 (Y.
1437 467 1481 500 Π.
1510 469 1539 501 1.
1566 478 1598 500 n.
1628 468 1696 506 38.)

416 559 559 600 chart.
591 571 705 600 saec.
738 559 810 600 XI
822 559 955 600 V—-X
960 560 996 600 V
1019 561 1068 614 ff.
1090 561 1176 602 173
1197 573 1316 602 num.
1350 559 1423 614 (-Ι-
1440 563 1462 601 I
1488 573 1574 601 non
1605 558 1761 612 mam),
1778 559 1881 599 295
1895 559 1936 595 ><
1953 558 2009 597 22
2041 569 2124 597 cm.
2156 556 2179 597 1
2214 566 2272 597 m:

563 640 589 679 f.
629 638 815 681 l—lOlb
847 640 1038 682 Summa
1083 643 1137 681 de
1179 641 1476 692 poenitentia.
1530 643 1703 692 »Incipit
1743 640 1947 691 prologus
1979 638 2032 677 de
2064 636 2274 677 fructibus

420 700 669 748 penitencie.
733 697 949 750 Quoniam
991 700 1270 750 peccantibus
1301 703 1412 750 ,post
1452 700 1714 751 baptismum
1758 697 1989 737 mortaliter
2030 696 2125 735 sola
2156 697 2273 746 peni-

419 757 559 795 tencia
601 756 838 795 remedium
881 760 970 795 est«
1009 757 1046 799 ><
1085 758 1336 796 »salvatoris
1378 760 1578 808 operacio
1621 759 1867 807 perseveret
1912 757 2008 805 ipso
2042 755 2273 804 prestante,

419 815 489 865 qui
523 819 602 853 etc.
635 813 818 864 Explicit
848 814 951 853 liber
981 814 1035 853 de
1067 814 1275 854 fructibus
1308 817 1546 865 penitencie
1580 814 1759 853 multum
1793 813 1974 851 bonus«

563 881 588 921 f.
638 880 904 922 1022—1251’
948 882 1084 934 (Mag.
1124 882 1389 924 Wenceslai
1428 883 1537 923 dicti
1578 882 1769 933 Rohle?)
1811 881 2051 921 Tractatus
2093 879 2148 918 de
2188 878 2274 918 lar-

417 939 592 990 gitione
624 943 671 980 et
699 939 872 980 virtute
902 935 1292 991 indulgentiarum
1323 940 1432 980 anni
1463 939 1661 980 iubilaei.
1700 939 2007 978 »Providemus
2039 937 2156 976 bona
2185 947 2273 976 non

420 998 561 1036 solum
594 1008 740 1037 coram
784 998 891 1036 deo«
930 1000 971 1034 ><
1007 1010 1107 1049 »pro
1154 1009 1336 1050 quorum
1381 998 1697 1038 detractacione
1730 996 1879 1036 reddet
1910 996 2037 1035 michi
2070 994 2274 1033 dominus

419 1056 528 1095 deus
560 1055 805 1095 mercedem
847 1055 1121 1095 beatitudinis
1164 1067 1362 1107 superne.
1405 1056 1556 1095 Amen.
1605 1057 1745 1103 (rubr.)
1787 1053 1902 1093 Laus
1933 1054 2044 1092 alme
2078 1054 2132 1091 sit
2162 1053 2274 1091 trini-

418 1115 491 1152 tati
523 1124 600 1164 pro
632 1114 926 1164 complecione
959 1114 1127 1153 huius«
1162 1114 1343 1162 (Auctor
1373 1113 1585 1153 invehitur
1614 1116 1656 1152 in
1688 1112 1920 1152 iubilaeum
1952 1123 1990 1150 a.
2020 1109 2141 1158 1393,
2173 1108 2271 1158 ideo

417 1181 529 1221 mag.
562 1169 872 1210 Wenceslaum
905 1173 1212 1222 proposuimus
1243 1175 1463 1210 auctorem
1497 1173 1704 1210 rationem
1727 1170 1938 1209 habentes
1960 1169 2140 1215 illorum,
2163 1176 2274 1218 quae

418 1227 576 1279 profert
606 1227 807 1279 Palacky,
838 1227 1064 1268 Vorlaufer
1094 1240 1132 1279 p.
1166 1224 1254 1276 83.)

560 1296 585 1336 f.
625 1294 891 1336 126³—173b
923 1297 1113 1337 Summa
1143 1296 1198 1337 de
1228 1297 1515 1347 poenitentia
1546 1308 1630 1336 seu
1675 1295 1915 1336 Tractatus
1947 1296 2003 1334 de
2034 1305 2103 1344 eo,
2139 1303 2273 1344 »quo-

416 1354 554 1395 modo
600 1354 818 1405 cognosci
863 1355 1063 1395 habeant
1107 1358 1294 1405 peccata
1334 1359 1381 1395 et
1422 1354 1652 1405 quomodo
1683 1357 1756 1393 est
1787 1354 1843 1393 de
1874 1353 1944 1392 eis
1974 1362 2084 1392 vere
2114 1350 2274 1402 poeni*

415 1412 645 1452 tendum.«
685 1411 822 1464 »Quia
854 1412 1096 1452 secundum
1129 1413 1167 1451 b.
1201 1413 1480 1452 Ambrosium
1519 1413 1662 1463 plures
1693 1413 1854 1451 inventi
1886 1414 1988 1450 sunt
2018 1412 2273 1449 innocentes

417 1481 548 1521 quam
592 1481 693 1509 vere
740 1472 1006 1521 penitentes«
1041 1471 1085 1507 ><
1121 1481 1275 1521 »quam
1318 1473 1354 1509 si
1395 1473 1530 1510 eiecto
1571 1469 1688 1508 fastu
1730 1469 1935 1508 elacionis
1966 1467 2201 1507 humilibus
2232 1470 2272 1506 te

416 1527 676 1567 conformes,
719 1527 811 1567 Hec
852 1527 1112 1567 Blesensis.‹
1159 1526 1405 1576 (Tractatus
1437 1529 1505 1566 hic
1537 1529 1579 1566 in
1610 1526 1696 1566 fine
1729 1537 1912 1565 mancus
1944 1536 2044 1564 esse
2076 1524 2272 1572 videtur.)

559 1598 602 1634 In
634 1599 857 1634 membrana
896 1609 1022 1634 vacua
1063 1600 1185 1634 asseri
1216 1595 1322 1635 infer.
1356 1598 1527 1644 adligata
1557 1597 1724 1633 occurrit
1755 1601 1868 1633 nota:
1915 1595 2087 1632 »domini
2128 1594 2272 1635 Mathie

415 1655 590 1693 Laude«.
636 1655 760 1692 Vetus
802 1657 901 1701 sign.
942 1655 986 1702 E,
1034 1656 1097 1693 18.
1139 1655 1195 1691 De
1235 1656 1310 1691 hoc
1352 1657 1499 1700 codice,
1540 1655 1728 1702 imprimis
1771 1656 1818 1690 de
1848 1658 2014 1690 tractatu
2046 1652 2272 1689 Wenceslai

415 1713 535 1750 Rohle
566 1713 757 1760 prolixius
789 1713 955 1749 disserui
985 1714 1025 1749 in
1056 1711 1222 1749 Vestnik
1253 1713 1297 1749 C.
1329 1713 1375 1750 A.
1415 1713 1520 1750 1898
1552 1724 1590 1759 p.
1626 1713 1719 1750 271.

553 1847 669 1900 424
774 1862 779 1864 ’
1016 1848 1111 1896 III.
1151 1848 1208 1896 B.
1246 1848 1483 1899 15.<1.11.
1512 1860 1542 1892 1.
1568 1869 1602 1893 n.
1627 1859 1700 1899 37.)

412 1952 555 2049 ghart.
595 1964 709 1992 saec.
741 1952 815 1992 XI
819 1951 1002 1991 V—XV
1010 1952 1064 2005 ff.
1085 1951 1172 1993 158
1193 1963 1314 1991 num.
1344 1949 1415 2004 (4-
1440 1952 1468 1991 2
1489 1952 1581 1992 init.
1613 1963 1699 1991 non
1730 1950 1885 2002 num),
1907 1951 2008 1992 303
2026 1953 2068 1989 ><
2085 1951 2142 1991 22
2176 1962 2259 1991 cm.

447 2042 454 2050 .
487 2021 546 2049 m.

557 2093 798 2129 Praecedunt
828 2091 923 2130 folia
954 2095 1032 2129 duo
1065 2103 1144 2128 non
1175 2103 1296 2137 num..
1319 2093 1460 2138 quibus
1476 2093 1678 2138 registrum
1701 2093 1828 2138 operis
1851 2092 2125 2138 subsequentis
2147 2093 2272 2128 conti-

413 2155 536 2187 netur.
578 2150 620 2186 In
663 2151 782 2186 altero
822 2161 935 2186 verso
977 2151 1214 2186 rubricatur:
1261 2149 1425 2196 »Incipit
1470 2150 1656 2196 prologus
1689 2150 1727 2185 in
1760 2150 2033 2196 compendium
2064 2149 2270 2196 theoloyce

412 2210 624 2244 veritatis«
901 2220 905 2224 ·

556 2274 582 2314 f.
637 2274 797 2313 1--97a
841 2274 963 2325 (Ηυξ,
938 2274 1068 2314 conis
1118 2274 1546 2370 Argentoratensis><)
1598 2274 1933 2324 Compendium
1981 2272 2270 2322 theologicae

411 2331 636 2372 veritatis
684 2331 906 2371 »·Veiitatis
938 2333 1165 2383 theoloyce
1197 2332 1462 2371 sublimitas«
1578 2331 1784 2382 »Explicit
1824 2343 1859 2371 c.
1894 2333 1951 2371 th.
1983 2344 2024 2371 v.
2056 2330 2162 2370 finit.
2194 2342 2271 2382 per

412 2401 570 2429 manus
601 2389 930 2441 Chmelyconis
962 2391 1017 2430 de
1047 2389 1331 2429 Wodnano.‹

554 2458 582 2498 f.
614 2455 857 2498 97b-—l45b
888 2460 1097 2507 (anepigr.)
1125 2457 1382 2498 Innocentii
1411 2457 1473 2498 IV
1504 2469 1583 2497 seu
1605 2461 1747 2509 potius
1768 2457 1970 2498 Thomae
1988 2459 2043 2498 de
2064 2457 2270 2498 Cabham

411 2516 602 2556 Summa
632 2517 687 2556 de
726 2515 1025 2567 poenitentia.
1071 2515 1208 2567 »Quia
1247 2518 1555 2555 miseraciones
1597 2516 1759 2555 domini
1801 2520 1902 2555 sunt
1953 2526 2084 2566 super
2123 2517 2270 2554 omnia

411 2585 543 2625 opera
582 2576 700 2613 eius«
728 2575 770 2611 ><
795 2578 862 2613 »et
917 2574 997 2613 hec
1038 2574 1093 2612 ad
1135 2584 1315 2624 presens
1357 2573 1410 2612 de
1457 2575 1698 2624 penitencia
1736 2573 1848 2613 dicta
1889 2573 2146 2613 sufficiant«
2181 2571 2266 2622 (Cf.

412 2630 602 2680 Schulte,
636 2630 742 2672 Can.
775 2630 1051 2671 Hndschften
1083 2643 1121 2682 p.
1157 2630 1244 2679 28.)

553 2700 580 2740 f.
619 2697 886 2740 145b—146b
918 2699 1162 2751 Registrum
1194 2702 1336 2751 operis
1370 2699 1681 2750 praecedentis.
2201 2737 2208 2743 ,

553 2769 579 2808 f.
618 2766 887 2808 l46b—-l47a
926 2771 1135 2818 (anepigr.)
1181 2768 1379 2809 Carmen
1425 2768 1480 2808 de
1526 2768 1842 2822 redemptione
1882 2770 2086 2808 humana
2116 2767 2264 2819 incip:

414 2826 552 2866 »Post
581 2830 825 2877 peccatum
855 2826 1058 2867 hominis
1090 2825 1212 2866 facta
1241 2826 1333 2866 iam
1363 2826 1534 2865 ruina«

554 2895 579 2935 f.
619 2893 888 2935 14712—1482
919 2894 1056 2935 Notae
1087 2898 1230 2935 variae
1263 2895 1540 2946 theologicae.

553 2965 579 3004 f.
618 2964 885 3004 1492—1572
925 2964 1134 3016 (anepigr.)
1174 2965 1216 3003 S.
1256 2963 1504 3015 Augustini
1547 2963 1604 3004 ad
1646 2963 1833 3004 Petrum
1874 2964 2119 3005 diaconum
2149 2964 2266 3005 liber

408 3021 922 3119 ἓὲυίδίᾰιὲνθῖξᾶίξϊοὶαῑη,
963 3022 1021 3062 fili
1067 3021 1201 3070 Petre,
1243 3026 1313 3062 tue
1354 3024 1542 3061 caritatis
1574 3024 1750 3073 accepi«
1786 3023 1829 3060 ><
1865 3023 1972 3062 »hoc
2004 3023 2058 3062 illi
2089 3032 2266 3074 quoque

551 3147 578 3186 f.
616 3146 774 3186 157⁸—-
781 3145 882 3187 1581>
922 3145 1059 3187 Notae
1100 3150 1256 3197 variae,
1298 3151 1340 3188 in
1371 3148 1592 3199 quibus»
1574 3147 1717 3188 »Ordo
1750 3148 1952 3188 libiorum
1984 3161 2035 3189 ac
2066 3149 2263 3189 historia-

406 3217 514 3254 rum,
547 3205 770 3256 quomodo
801 3207 933 3244 teneri
965 3205 1152 3245 debeant
1182 3217 1257 3256 per
1287 3208 1387 3245 anni
1420 3207 1664 3246 circulum«

551 3275 672 3311 Vetus
705 3276 804 3321 sign
838 3276 925 3313 libr.
957 3275 1084 3313 Carol.
1118 3275 1166 3313 K.
1201 3277 1268 3314 37.
1299 3277 1346 3313 K.

1306 3423 1372 3455 164
