2476 3782
1150 297 1164 336 1
1173 295 1258 338 656

261 438 523 479 solvissem‹
562 441 600 474 ><
634 439 766 487 (epist.
799 439 970 478 dedicat.
995 439 1053 475 ad
1084 438 1303 474 Johannem
1334 413 1642 484 Meliorantium)
1700 432 1792 473 »Ex
1821 430 2028 472 Veneciis
2060 430 2135 471 idi-

262 495 346 537 bus
379 496 571 536 octobris
608 495 757 536 1437.«
2054 546 2057 553 .

406 565 435 606 f.
472 562 748 607 mlh—119⁸
799 563 1099 616 »synonyma
1143 562 1410 604 Ciceronis«
1462 564 1535 610 (--
1558 562 1759 601 dictionis
1799 558 2135 606 Ciceronianae)

260 622 424 664 ordine
455 622 752 675 alphabetico
782 622 975 674 digesta.
1012 620 1265 662 »Sinonima
1294 619 1353 660 M.
1384 619 1436 661 T.
1470 619 1518 662 C.
1552 620 1627 659 diu
1671 618 1830 658 frustra
1869 617 2066 670 quesita«
2090 616 2134 654 ><

262 683 435 730 »vitare‚
481 678 715 728 declinare,
762 679 1074 731 subterfugere.
1121 678 1238 719 Finis
1270 680 1587 718 sinonimorum
1615 709 1624 718 .
1650 708 1659 716 .
1686 707 1696 717 .
1720 675 1982 715 Horzowicz
2013 685 2133 714 anno

249 759 269 780 ·.
295 770 307 780 .
331 769 342 778 .
374 738 450 780 fer.
483 737 537 780 III
571 742 675 791 post
704 737 892 779 Domine
924 749 979 778 ne
1010 738 1163 788 longe«
1200 737 1482 787 (subscriptio
1525 736 1635 775 haec
1668 734 1865 774 mutilata
1896 735 1993 780 est).
2057 731 2133 773 Se-

257 799 404 848 quitur
433 796 703 836 rubricatum
736 807 899 836 nomen
933 795 1233 847 possessoris:
1269 794 1508 834 »Johannis
1540 792 1780 844 Capliczar,
1830 791 1984 831 decani
2014 790 2130 831 Wis-

257 854 539 906 segradensis
577 854 678 895 1471
691 872 723 894 .-

395 934 589 984 Operculo
619 947 748 984 super.
780 936 1014 973 intrinsecus
1045 934 1275 983 inscriptum
1306 938 1386 971 est:
1421 934 1582 972 »Reven
1613 934 1713 980 patri
1736 933 1839 969 dom.
1883 931 2049 968 Fantino
2081 934 2128 968 de

256 994 381 1040 Valle,
413 995 515 1032 sacri
547 995 710 1042 pallacii
742 994 950 1042 apostolici
982 993 1164 1039 auditori,
1198 992 1520 1040 archipresbitero
1553 991 1806 1035 Peratinensi,
1859 989 1955 1026 iuris
1987 990 2131 1027 utrius-

250 1062 332 1099 que
361 1053 526 1095 doctori.
559 1053 725 1089 domino
757 1056 795 1089 et
825 1051 1038 1099 preceptori
1071 1052 1260 1099 optima«
1294 1051 1342 1087 A.
1380 1051 1487 1088 1609
1520 1047 1618 1086 liber
1648 1049 1711 1085 hic
1743 1052 1823 1085 erat
1853 1049 1893 1083 in
1925 1047 2017 1085 bibl.
2056 1048 2127 1084 Ro-

255 1110 497 1158 senbergica‚
529 1112 673 1147 deinde
705 1110 943 1147 monasterio
974 1109 1216 1146 Tiebonensi
1249 1109 1400 1155 obtigit.

398 1245 527 1300 1655
1015 1244 1149 1295 VIII.
1187 1244 1254 1295 H.
1295 1244 1372 1294 72.

250 1339 501 1380 membran.
532 1351 648 1380 saec.
670 1339 722 1380 X
728 1339 764 1379 V
770 1340 834 1394 ff
866 1340 964 1391 169,
994 1339 1095 1380 203
1111 1340 1155 1378 ><
1171 1340 1228 1380 13
1244 1350 1329 1379 cm.
1361 1339 1562 1379 charact.
1586 1349 1759 1379 renasc.
1783 1336 1844 1377 lit.
1868 1347 1959 1376 una
1983 1347 2125 1376 manu

252 1397 585 1450 elegantissime
613 1400 834 1438 exaratus
866 1401 905 1439 et
934 1398 1212 1446 rubricatus,
1243 1397 1304 1438 lit.
1337 1396 1430 1437 init.
1468 1396 1603 1449 pictis
1643 1397 1685 1435 et
1724 1394 1964 1435 deauratis
2004 1404 2124 1434 exor-

253 1457 392 1496 natus
422 1454 584 1507 (textus
599 1457 688 1507 sol.
720 1456 770 1496 12ι
801 1458 923 1496 totus
938 1454 1142 1507 floribus
1171 1455 1437 1495 nitidissime
1459 1454 1594 1508 pictis
1637 1456 1678 1494 et
1707 1452 1947 1494 deauratis
1987 1451 2126 1492 inclu-

247 1524 332 1554 sus
359 1515 456 1562 est).
519 1510 741 1566 Opercula
792 1514 940 1567 lignea
980 1514 1102 1554 corio
1135 1514 1365 1567 purpureo
1398 1512 1602 1554 obducta.
1635 1511 1782 1552 Frons
1812 1510 1922 1551 libri
1950 1512 2124 1550 aurata

242 1572 325 1613 est.

594 1641 772 1682 Justini
802 1640 1016 1693 Epitome
1047 1641 1353 1682 historiarum
1383 1640 1519 1692 Trogi
1550 1639 1774 1691 Pompeii.

386 1719 523 1761 'Codex
552 1724 618 1761 hic
647 1725 885 1772 praeclarus,
932 1725 972 1761 in
1012 1724 1126 1761 Italia
1165 1729 1364 1771 exaratus,
1414 1725 1675 1761 bibliothecae
1709 1723 1969 1760 Cot-vinianae
2001 1722 2122 1758 fuisse

246 1782 412 1828 videtur,
444 1793 493 1819 ex
523 1794 614 1829 qua,
646 1787 689 1819 ut
718 1785 834 1820 docet
865 1787 960 1819 nota
990 1783 1030 1819 in
1062 1783 1246 1830 operculo
1277 1783 1386 1820 infer.
1419 1782 1543 1829 (›Iste
1574 1782 1672 1819 liber
1702 1786 1762 1819 est
1783 1791 1893 1818 meus
1925 1790 1996 1817 vas
2020 1780 2119 1816 Petri

245 1839 427 1877 Garazda
456 1842 503 1877 de
534 1840 768 1888 Ungaria‹)‚
824 1840 935 1878 Petro
983 1841 1163 1877 Garazda
1209 1841 1359 1887 obtigit.
1422 1841 1622 1887 Postremo
1669 1840 1810 1876 librum
1842 1839 2116 1876 celeberrimus

246 1902 381 1935 noster
409 1897 647 1935 Fortunatus
679 1898 825 1935 Durich
858 1909 893 1937 a.
931 1897 1037 1937 1802
1072 1899 1278 1936 defunctus
1311 1899 1572 1935 bibliothecae
1622 1902 1777 1935 nostrae
1822 1897 1981 1944 legavit.
2042 1895 2120 1943 (Cf.

245 1955 415 1992 Hanslik
444 1967 483 2004 p.
518 1956 634 2003 605.)

387 2067 510 2122 1656
1007 2069 1149 2119 VJJJ.
1189 2032 1256 2120 H.
1308 2031 1399 2119 73.

244 2149 497 2191 membran.
526 2162 642 2192 saec.
675 2149 767 2191 XV
781 2152 845 2206 ff
876 2152 975 2202 209,
1005 2153 1066 2193 35
1084 2151 1247 2193 ><24·5
1275 2164 1374 2200 cm„
1406 2164 1501 2192 una
1530 2163 1676 2191 manu
1705 2151 1908 2192 charact.
1941 2161 2117 2190 renasc.

244 2207 306 2248 lit.
339 2207 609 2250 nitidissime
636 2213 864 2259 exaratus,
896 2210 960 2251 lit.
992 2210 1084 2251 init.
1111 2210 1245 2263 pictis
1274 2212 1315 2251 et
1345 2210 1583 2250 deauratis
1613 2206 1681 2256 (in
1699 2210 1859 2262 prima
1880 2210 1944 2249 est
1961 2208 2116 2260 imago

244 2265 468 2314 auctoris)
496 2269 752 2308 exornatus.
784 2267 1014 2322 Paginam
1038 2268 1246 2321 primani
1276 2268 1473 2321 undique
1502 2268 1737 2309 includunt
1758 2268 1967 2321 picturae
1997 2277 2115 2307 auro

239 2323 411 2364 cinctae
440 2326 482 2364 et
511 2325 709 2378 insignia
741 2325 964 2366 Matthiae
983 2326 1106 2378 regis
1126 2325 1411 2379 Hungariae.
1442 2325 1496 2366 In
1503 2324 1593 2378 sol.
1621 2326 1877 2379 praeligato
1897 2326 2119 2366 exaratus

241 2382 308 2422 est
338 2381 498 2423 titulus
527 2383 637 2423 libri
665 2383 809 2425 literis
839 2384 1112 2437 capitalibus
1142 2385 1300 2425 aureis
1319 2385 1366 2425 in
1370 2383 1677 2436 fundamento
1691 2385 1922 2438 purpureo
1944 2383 2116 2424 cinctus

240 2441 360 2480 serto
390 2441 430 2480 et
458 2441 693 2481 arabescis
727 2442 861 2495 pictis
899 2445 939 2482 et
980 2442 1230 2483 deauratis.
1292 2440 1516 2496 Opercula
1566 2442 1716 2495 lignea
1761 2441 1952 2483 obducta
1993 2441 2116 2481 corio

236 2498 481 2550 purpureo,
531 2499 608 2539 cui
653 2503 922 2541 ornamenta
966 2500 1193 2541 deaurata
1234 2503 1274 2541 et
1312 2501 1513 2554 insignia
1562 2501 1695 2554 regia
1734 2500 1958 2553 impressa
1996 2501 2112 2540 sunt.

245 2551 388 2666 (30de
417 2555 525 2654 (Ξῖίφνι
556 2557 687 2598 valde
717 2559 868 2600 laesus
897 2570 927 2598 a
958 2558 1203 2612 bibliopego
1233 2560 1473 2600 recentiore
1501 2558 1677 2599 ruditer
1705 2559 1950 2612 reparatus
1980 2559 2019 2597 et
2049 2568 2115 2597 re-

240 2620 339 2653 com
369 2624 426 2654 ac
446 2625 500 2654 us
527 2617 600 2656 est.

241 2705 286 2746 S.
317 2705 519 2748 'rhomae
550 2708 606 2748 de
637 2708 822 2759 Aquino
854 2708 1233 2751 Commentarius
1263 2710 1313 2751 in
1342 2710 1612 2751 Aristotelis
1635 2711 1691 2751 de
1713 2710 1841 2751 caelo
1866 2713 1913 2750 et
1937 2711 2111 2751 mundo

492 2765 637 2807 libros
668 2766 700 2817 1,
731 2766 770 2807 11
801 2771 847 2808 et
876 2767 935 2808 111
963 2773 1158 2819 partem,
1191 2780 1325 2821 quam
1357 2772 1509 2809 auctor
1539 2769 1632 2821 ipse
1666 2768 1854 2820 perfecit.

234 2889 239 2893 ,
357 2845 383 2885 f.
422 2847 468 2886 1⁸
497 2849 571 2896 (lit.
605 2853 722 2898 capit.
755 2853 883 2888 aureis
903 2852 931 2899 ι)
968 2849 1369 2896 »Commentarium
1416 2862 1452 2891 s.
1484 2849 1684 2891 Thomae
1716 2851 1948 2902 Aquinatis
1980 2861 2112 2902 super

241 2903 392 2943 librum
427 2904 482 2944 de
514 2906 634 2947 caelo
666 2910 709 2946 et
749 2908 915 2948 mundo
957 2911 1103 2961 incipit
1143 2911 1298 2958 (atram.
1314 2913 1342 2955 z)
1403 2908 1524 2949 Sicut
1564 2909 1872 2961 phylosophus
1905 2908 2029 2948 dicit‹
2067 2909 2109 2944 ><

239 2960 268 3000 f.
301 2958 405 3001 209b
440 2967 572 3014 »quot
602 2968 706 3005 sunt
736 2966 951 3006 elementa
982 2970 1024 3006 et
1055 2971 1228 3018 propter
1261 2967 1364 3018 quid
1396 2970 1482 3007 sint
1513 2971 1621 3007 etc.«

382 3045 440 3081 De
471 3047 752 3084 recentioribus
784 3049 934 3085 codicis
966 3051 1267 3096 possessoribus
1313 3050 1373 3086 his
1421 3050 1524 3086 notis
1555 3050 1595 3086 in
1627 3049 1694 3087 fol.
1726 3049 1940 3096 praeligato
1973 3050 2109 3085 edoce·

237 3112 345 3139 mur:
376 3102 412 3149 Ι)
442 3113 547 3142 saec.
579 3102 839 3143 XVI--XVII
874 3106 1134 3143 »Franciscus
1166 3117 1299 3144 comes
1331 3109 1378 3144 de
1397 3107 1544 3154 Suys«,
1576 3107 1629 3155 II)
1646 3117 1750 3144 saec.
1769 3106 1876 3142 XVII
1898 3107 2106 3152 »Matthjas

236 3159 357 3206 Kiralj
399 3160 620 3198 Biblioteka
663 3163 783 3209 yabol
824 3165 916 3201 ualo
958 3165 1093 3211 konyv
1132 3166 1276 3212 melyet
1317 3167 1472 3202 hoztam
1503 3165 1596 3201 uala
1626 3165 1709 3212 (az)
1741 3164 1907 3211 Ugroczj
1940 3165 2102 3202 uarbol«

237 3215 367 3267 (Liber
398 3219 658 3256 bibliothecae
687 3220 875 3258 Matthiae
908 3223 1023 3270 regis,
1056 3232 1173 3270 quem
1204 3225 1407 3270 apportavi
1438 3234 1487 3261 ex
1519 3233 1606 3259 arce
1646 3221 1918 3271 Ugroczensi).
1971 3222 2106 3259 »Unus

237 3286 286 3312 ex
318 3276 428 3313 libris
460 3276 613 3314 Nicolai
643 3277 710 3324 Zaj
742 3280 789 3316 de
821 3279 980 3317 Csemer
1011 3291 1059 3318 m.
1093 3292 1158 3327 p.«
1204 3280 1261 3318 Cf.
1295 3281 1462 3319 Hanslik
1491 3292 1528 3327 p.
1564 3281 1659 3319 607.

1137 3428 1205 3461 613
