2476 3782
1136 268 1219 308 285

381 410 408 450 f.
445 408 718 448 2792—2952
765 407 1107 449 Concordantia
1154 383 1526 458 evangeliorum¹
1552 418 1694 459 super
1734 408 2003 459 passionem
2036 410 2113 449 do-

238 467 365 508 mini.
404 466 651 507 »Foderunt
681 477 840 506 manus
858 477 1005 505 meas«
1042 466 1084 502 ><
1121 465 1333 516 »Explicit
1364 465 1447 504 hoc
1469 461 1594 516 'opus
1628 477 1760 517 super
1791 470 2046 517 passionem
2070 467 2110 507 d.

235 537 277 566 n.
309 524 415 565 Jesu
452 524 650 565 chrisa«

378 594 406 635 f.
443 591 550 647 2952’
580 592 791 645 Epistola
808 589 1035 633 Belzebub
1051 591 1275 643 principis
1292 592 1644 632 daemoniorum
1662 593 1769 633 data
1786 594 2017 645 episcopis
2037 626 2044 634 .
2072 626 2080 634 .
2100 625 2110 634 .

236 655 284 693 et
327 651 560 703 praelatis.
614 650 762 691 »Hanc
809 651 1039 702 epistolam
1074 682 1082 690 .
1118 682 1126 690 .
1163 682 1171 690 .
1206 682 1214 690 .
1262 653 1458 690 invenies
1501 653 1542 689 in
1585 651 1703 693 libro,
1748 655 1819 703 qui
1862 653 2113 704 intytulatur

235 709 362 750 Liber
390 713 609 750 visionum
642 708 766 750 Clare
798 710 974 758 (lacuna
994 708 1189 748 radendo
1212 708 1356 758 facta).
1393 741 1401 748 .
1438 741 1445 748 .
1470 711 1583 748 sium
1608 720 1702 760 cap.
1727 709 1925 750 XXXII«.
1951 710 2111 762 (Attri-

235 767 394 809 buitur
420 766 624 809 Henrico
656 766 712 808 de
742 766 947 819 Hassia).

380 839 576 887 Operculo
607 839 715 875 infer.
750 838 1036 885 adglutinatum
1069 842 1127 874 est
1159 838 1417 884 fragmentum
1450 839 1737 875 membranacei
1781 842 1988 876 cuiusdam
2020 840 2112 876 Bre-

237 898 348 934 viarii
381 907 485 935 saec.
518 896 617 933 X111.

377 1010 486 1064 285
1045 1009 1084 1058 I.
1126 1009 1187 1058 G.
1226 1009 1344 1058 Ila.

233 1105 378 1146 chart.
407 1115 526 1145 saec.
557 1104 607 1144 X
612 1103 650 1143 V
658 1103 721 1158 ff
753 1102 834 1144 181
870 1115 1008 1152 num„
1040 1103 1098 1144 23
1122 1105 1162 1140 ><
1184 1103 1242 1144 16
1273 1115 1357 1143 cm.
1392 1103 1432 1143 d.
1465 1116 1526 1144 m.
1549 1106 1777 1154 exaratus,
1803 1116 1904 1144 cum
1926 1115 2108 1155 sequen-

233 1162 354 1204 tibus
393 1162 570 1203 duobus
610 1162 807 1202 eiusdem
847 1161 1115 1213 signaturae
1147 1161 1256 1202 olim
1289 1161 1475 1202 unicum
1507 1163 1715 1202 volumen
1749 1162 1929 1215 grande
1963 1162 2110 1202 ›vari-

231 1233 364 1261 orum
396 1222 683 1261 notatmum«
721 1219 928 1273 efficiens,
962 1220 1081 1271 quod
1100 1219 1323 1271 famosus
1352 1219 1426 1260 ille
1443 1220 1515 1271 fr.
1553 1218 1676 1261 Crux
1706 1220 1759 1260 de
1796 1220 1831 1260 T
1829 1221 1915 1260 elce
1937 1221 2113 1272 collegit

229 1280 270 1319 et
299 1279 578 1319 monasterio
616 1275 885 1319 Tr'ebonensi
914 1278 1109 1318 donavit.
1143 1277 1401 1318 Novissimo
1433 1280 1625 1330 tempore
1655 1278 1717 1331 (a.
1749 1278 1881 1329 1861)
1903 1279 2111 1318 volumen

229 1338 355 1377 vetus
385 1337 654 1377 dissolutum
688 1338 751 1376 est
781 1337 826 1376 in
857 1339 948 1376 tres
980 1336 1160 1387 codices,
1195 1348 1390 1388 quorum
1415 1336 1625 1389 primum
1645 1335 1775 1388 infra
1797 1335 2108 1377 describimus.

374 1419 400 1459 f.
439 1418 570 1458 12—7
633 1418 806 1470 »Incipit
848 1418 986 1458 Vetus
1028 1418 1363 1458 Testamentum
1407 1418 1726 1470 compendiose
1757 1419 2019 1470 applicatum
2053 1418 2110 1458 ad

228 1475 402 1518 Novum
432 1476 789 1517 Testamentum«
831 1476 867 1517 ><
906 1476 1116 1528 »Explicit
1145 1475 1294 1527 figura
1312 1475 1500 1517 Veteris
1521 1476 1806 1517 Testamenti
1827 1476 2107 1527 applicatum

229 1534 337 1588 (sic)
368 1535 425 1576 ad
454 1534 681 1575 Novum«

373 1616 400 1656 f.
435 1613 621 1656 7b—15b
654 1615 926 1668 (Alexandri
959 1617 1014 1655 de
1047 1615 1168 1655 Villa
1197 1615 1302 1667 Dei)
1340 1615 1511 1656 »Biblia
1536 1627 1817 1667 pauperum«
1843 1627 1950 1656 cum
1967 1627 2106 1666 expo-

228 1675 400 1716 sitione
431 1674 729 1715 interlineari.
764 1673 950 1722 (Versus
983 1675 1290 1723 memoriales).

372 1745 400 1785 f.
438 1744 510 1784 16³
546 1743 811 1796 »Symbolus
855 1747 1011 1784 veteris
1058 1747 1102 1784 et
1146 1747 1248 1784 novi
1298 1747 1585 1784 testamenti«
1635 1743 1804 1796 »Quote
1838 1745 2105 1795 psalmorum

227 1815 304 1856 per
333 1806 613 1844 nocturnos«

371 1872 398 1913 f.
456 1870 528 1912 16¹³
581 1871 879 1924 Epitaphium
939 1871 1159 1912 Matthiae
1219 1871 1342 1923 regis
1383 1872 1660 1924 Hungariae.
1719 1871 1952 1912 »Mathiam
2003 1882 2104 1911 exo-

228 1934 368 1972 riens«
405 1935 485 1971 etc.

370 2000 397 2041 f.
435 1999 648 2041 17ὺ--18ει
678 1999 846 2052 Figura
877 1999 1265 2050 contemplativae
1295 1998 1422 2039 vitae
1444 2010 1472 2039 a
1492 1999 1760 2049 doctoribus
1782 1998 2106 2040 universitatis

226 2058 509 2100 parisiensis
553 2057 814 2110 composita
844 2057 917 2107 (12
949 2060 1164 2110 imagines
1197 2058 1366 2097 calamo
1399 2057 1638 2097 delineatae
1670 2061 1712 2098 et
1737 2060 1972 2109 picturatae
2004 2069 2104 2097 cum

233 2117 628 2169 subscriptionibus
669 2117 810 2156 latinis
863 2119 904 2156 et
946 2116 1188 2155 bohemicis
1236 2116 1498 2164 rubricatis).
1562 2115 1700 2156 »Nota
1730 2118 2104 2167 composicionem

228 2174 366 2227 figure
399 2186 499 2215 cum
532 2173 687 2214 effectu
719 2175 890 2226 aliquali
937 2173 1043 2214 1491
1090 2173 1309 2225 descripta
1339 2175 1442 2223 (sic)
1474 2185 1551 2226 per
1582 2186 1650 2213 me
1682 2173 1786 2214 frat.
1820 2173 2018 2214 Crucem
2050 2174 2105 2214 de

227 2231 359 2274 Telcz
391 2234 474 2273 sub
505 2233 662 2273 abbate
694 2231 843 2272 Marco
877 2232 930 2271 de
962 2230 1234 2285 Trzebon[}et
1265 2235 1405 2283 priore
1437 2231 1637 2272 Johanne
1671 2232 1723 2271 de
1757 2230 1894 2275 Straz,
1935 2231 2106 2284 depicta

226 2290 420 2332 Wienne
451 2295 494 2331 in
526 2294 792 2330 monasterio
824 2293 959 2330 nostri
993 2290 1157 2329 ordinis
1190 2301 1226 2329 s.
1260 2289 1521 2330 Dorothee.«

367 2372 395 2412 f.
433 2369 644 2413 19·-27b
676 2370 921 2423 Expositio
943 2370 1264 2419 praecedentis
1286 2369 1474 2422 figurae.
1503 2371 1711 2411 »Finitum
1729 2383 1806 2423 per
1826 2383 1895 2411 me
1918 2372 2103 2412 Crucem

225 2430 280 2470 de
311 2430 444 2471 Telcz
486 2442 525 2470 a.
563 2429 666 2471 1491
704 2433 744 2470 in
777 2429 980 2469 Trzebon
1015 2441 1070 2469 ex
1103 2430 1339 2481 exemplari
1372 2430 1412 2469 d.
1457 2429 1619 2469 Mathei
1651 2432 1855 2481 prepositi
1888 2429 2102 2469 Lanckro-

225 2491 377 2529 nensis
409 2491 452 2528 et
483 2489 606 2527 electi
639 2491 727 2528 iam
760 2487 932 2528 abbatis
965 2486 1300 2527 Karloviensis.«

369 2569 396 2610 f.
430 2567 645 2608 27ῡ--41ει
682 2569 797 2609 »Ars
830 2568 1162 2609 memorativa«
1213 2571 1392 2620 (scripta
1437 2580 1579 2621 usque
1622 2570 1678 2608 ad
1716 2568 1742 2609 f.
1785 2568 1842 2608 30
1882 2581 1909 2609 a
1942 2568 2102 2617 Cruce,

224 2627 324 2668 inde
355 2626 457 2666 solio
489 2638 577 2667 uno
609 2629 795 2676 evulso),
844 2627 988 2666 »finita
1035 2638 1111 2678 per
1155 2639 1225 2666 me
1271 2627 1537 2668 Johannem
1577 2626 1633 2667 de
1669 2626 1914 2667 Fredelant
1944 2627 2017 2666 fer.
2064 2626 2104 2666 V

224 2688 326 2737 post
355 2684 517 2725 festum
549 2696 585 2726 s,
618 2685 837 2725 Francisci
869 2697 907 2724 a.
944 2683 1091 2726 1461.«

368 2754 395 2794 f.
428 2752 646 2794 412——41b
680 2754 861 2806 Figurae
894 2756 1119 2795 stellarum
1152 2757 1194 2794 in
1227 2755 1350 2794 coelo
1383 2757 1636 2806 positarum.

366 2823 393 2863 f.
425 2823 639 2864 422—442
675 2824 830 2865 Caroli
870 2823 933 2865 IV
964 2825 1122 2865 Aurea
1153 2824 1287 2864 bulla.
1321 2824 1502 2864 Litterae
1535 2824 1869 2863 introductoriae
1902 2823 2028 2864 datae
2059 2825 2100 2864 4.

222 2881 322 2922 idus
353 2881 447 2922 Jan.
486 2881 594 2922 1356
626 2894 727 2922 cum
769 2883 1103 2934 quaestionibus
1147 2883 1417 2934 singularum
1461 2883 1740 2925 rubricarum.
1784 2893 1968 2933 quarum
2000 2894 2101 2934 pars

222 2940 458 2980 intitulatur
502 2951 583 2980 »ex
628 2944 811 2981 tractatu
845 2941 899 2980 de
934 2952 1119 2980 romano
1151 2943 1373 2991 imperio«.
1408 2951 1509 2991 pars
1547 2941 1692 2990 »leges
1724 2944 2097 2991 extravagantes«

221 2997 301 3038 His
334 2998 664 3049 quaestionibus
695 3001 856 3038 inserta
889 3003 991 3038 sunt
1037 3002 1079 3038 in
1120 2998 1147 3038 s.
1190 2995 1265 3038 42⁵
1310 2998 1397 3037 duo
1431 3001 1634 3048 poemata
1680 2998 1719 3046 1)
1751 2997 1945 3037 Narratio
1978 2998 2031 3038 de
2065 3010 2100 3037 s.

223 3054 476 3095 Bernhardo
508 3055 553 3104 2)
584 3055 862 3108 Epitaphium
895 3057 1103 3097 eiusdem,

365 3124 392 3164 f.
425 3121 634 3164 45⁸—52b
666 3125 713 3174 (f.
730 3126 787 3165 49
819 3130 862 3166 et
891 3126 949 3166 50
980 3129 1192 3177 scriptura
1208 3128 1386 3173 vacant)
1408 3124 1546 3164 Notae
1570 3124 1771 3164 iuridicae
1800 3123 1889 3164 »Ex
1911 3125 2101 3176 quadam

223 3181 444 3223 Summa«
482 3182 526 3231 (f.
559 3183 634 3223 52·
665 3183 801 3223 Isaiae
833 3195 928 3235 cap.
967 3183 1022 3223 53
1061 3195 1160 3223 cum
1195 3184 1416 3223 nonnullis
1448 3183 1611 3234 glossis
1652 3182 1925 3232 bohemicis).

363 3251 390 3292 f.
423 3252 478 3291 53
515 3251 706 3292 »Versus
741 3253 794 3292 de
827 3253 977 3293 ordine
1011 3253 1218 3292 librorum
1251 3255 1293 3291 et
1323 3254 1515 3303 capitum
1547 3252 1714 3291 biblie.«

1133 3402 1189 3433 121
