2476 3782
1102 270 1187 309 416

352 406 380 447 f.
417 404 685 447 151b—152b
718 406 962 458 Registrum
994 417 1174 458 operum
1207 407 1558 458 praecedentium
1591 409 1654 446 sic
1685 409 1919 459 incipiens:
1973 407 2081 447 »Iste

213 464 330 513 liber,
362 467 489 504 cuius
521 466 668 505 titulus
701 467 769 504 est
800 463 986 505 Summa
1016 465 1274 504 naturalium
1308 465 1454 515 plures
1485 467 1528 504 in
1552 476 1600 503 se
1623 465 1755 504 libros
1777 467 1969 505 continet
1990 477 2082 517 par-

213 522 357 562 ciales.
390 522 433 563 In
465 521 480 562 Ι
512 526 716 562 tractatur
747 522 802 561 de
835 522 1032 570 metallis,
1080 525 1122 562 in
1154 521 1186 561 II
1219 522 1273 561 de
1306 522 1463 573 plantis
1505 526 1547 561 et
1577 522 1818 570 arboribus,
1870 525 1914 562 in
1945 522 1996 564 III
2028 523 2082 562 de

213 579 368 619 avibus
401 583 443 620 et
474 581 682 632 piscibus,
716 582 758 620 in
791 578 848 618 lV
881 579 934 619 de
966 580 1225 620 animalibus
1258 583 1380 627 terre,
1414 580 1564 619 bestiis
1597 584 1638 620 et
1684 581 1904 632 reptilibus
1952 584 2082 632 atque

213 639 430 685 iumentis,
463 641 512 678 in'
536 637 576 676 V
607 637 661 677 de
694 638 872 677 homine
905 640 947 677 et
978 640 1072 677 eius
1103 638 1310 689 partibus,
1344 640 1386 677 in
1417 636 1472 677 VI
1506 637 1560 676 de
1582 638 1825 678 visionibus
1856 641 2080 690 ymagina-

213 697 285 735 riis
317 701 359 735 et
390 698 616 748 sompniis,
649 697 693 734 in
725 693 798 735 VII
833 695 887 734 de
919 695 1051 735 rebus
1082 694 1375 735 artificialibus
1407 699 1449 735 et
1479 698 1567 734 vita
1615 699 1757 735 activa
1802 700 1845 736 et
1891 701 2085 736 contem-

214 754 383 804 plativa,
416 755 459 793 in
489 751 579 793 VIII
612 753 665 792 de
698 753 830 792 rebus
862 753 1080 793 humanis.
1116 752 1218 793 Post
1249 755 1446 804 sequitur
1476 752 1643 793 Lumen
1674 756 1817 794 anime
1849 757 2082 805 excerptus

212 813 314 860 (sic)
346 811 400 850 de
431 811 538 851 libro
569 811 822 851 animalium
855 813 1031 850 maioris
1063 811 1226 850 domini
1258 811 1418 851 Alberti
1450 813 1564 860 (sic).
1615 810 1780 851 Deinde
1813 814 2080 863 registrum«

211 867 344 916 (Cum
375 868 466 909 libri
498 871 763 921 posteriores
796 871 892 908 suis
924 869 1277 920 inscriptionibus
1309 872 1497 916 careant,
1531 872 1695 918 nescio,
1722 881 1778 908 an
1801 881 1928 921 opus,
1962 870 2081 921 quod

213 925 379 966 Lumen
411 929 582 966 animae
615 925 782 975 dicitur,
815 937 904 966 non
937 931 1050 967 recte
1083 929 1380 982 seiunxerim.)

350 983 379 1024 f.
416 980 684 1024 1530—15410
731 983 960 1036 Expositio
1017 987 1270 1036 systematis
1329 985 1551 1024 decimalis
1609 996 1888 1024 numerorum
1946 986 2084 1024 arabi-

212 1052 377 1082 corum.

350 1112 554 1160 operculis
586 1113 759 1159 adligata
790 1118 882 1150 sunt
914 1114 1128 1160 fragmenta
1158 1115 1371 1152 membran.
1415 1115 1621 1150 cuiusdam
1654 1115 1802 1150 codicis
1851 1125 1955 1152 saec.
1988 1113 2079 1151 XIV

212 1181 360 1217 argum.
392 1171 668 1218 philosophici.

350 1281 456 1336 414
816 1284 912 1334 III.
951 1285 1011 1334 B.
1048 1285 1095 1334 5.
1134 1295 1192 1338 (Y.
1220 1296 1267 1329 II.
1292 1296 1323 1328 2.
1351 1305 1385 1328 n.
1411 1295 1481 1338 29.)

211 1374 356 1419 chart.
384 1388 502 1419 saec.
533 1377 623 1418 XV
638 1377 704 1429 ff
737 1378 836 1426 155,
867 1377 920 1419 31
942 1378 1059 1418 ><22
1090 1390 1172 1419 cm.
1206 1379 1234 1418 2
1264 1390 1324 1418 m.
1358 1390 1461 1418 cum
1492 1377 1586 1417 init.
1614 1378 1758 1431 pictis.

347 1457 580 1500 Johannis
610 1459 779 1500 Wiclif
805 1471 960 1510 opera,
993 1471 1104 1511 quae
1137 1463 1399 1511 sequuntur:

349 1516 377 1557 f.
415 1516 543 1556 1—3·
572 1517 707 1557 Index
740 1521 949 1558 tractatus
982 1518 1035 1557 de
1067 1520 1243 1557 veritate
1276 1521 1318 1557 et
1349 1528 1486 1557 sensu
1518 1528 1669 1557 sacrae
1703 1519 1953 1569 scripturae.

349 1574 376 1615 f.
409 1574 564 1615 32—5·
593 1578 804 1625 (anepigr.)
834 1575 902 1616 De
933 1575 1205 1627 quaestione
1246 1587 1331 1627 pro
1371 1575 1612 1616 thesauris
1653 1574 1922 1617 retinendis
1970 1574 2082 1615 »Du-

209 1634 328 1674 bium
360 1638 439 1680 est,
471 1638 615 1674 utrum
647 1644 828 1685 regnum
859 1634 1035 1686 Anglie«
1071 1635 1115 1671 ><
1150 1636 1295 1686 »regni
1327 1634 1532 1686 impediat
1562 1636 1603 1673 in
1637 1633 1868 1673 futurum«

349 1703 376 1743 f.
409 1703 567 1743 522-—7a
599 1705 811 1753 (anepigr.)
841 1702 909 1744 De
941 1703 1329 1744 condemnatione
1364 1702 1417 1743 19
1447 1702 1815 1743 conclusionum.
1853 1701 1992 1743 »Cum
2015 1713 2081 1742 se-

210 1761 405 1802 cundum
436 1762 686 1813 apostolum
718 1761 850 1801 Hebr.
882 1761 940 1801 11«
977 1762 1020 1798 ><
1055 1764 1124 1801 »in
1155 1761 1407 1813 evangelica
1439 1765 1714 1812 pauperate‹.

349 1831 379 1872 f.
411 1829 627 1871 78-1551)
657 1830 891 1871 Tractatus
924 1832 978 1871 de
1008 1831 1206 1872 veritate
1237 1842 1398 1872 sacrae
1429 1830 1687 1881 scripturae
1717 1834 1761 1871 in
1791 1830 1841 1870 31
1879 1842 1973 1882 cap.
2023 1831 2084 1870 di·

209 1892 333 1930 visus
365 1889 440 1941 (z
458 1889 678 1930 Summae
709 1889 972 1941 theologiae
1002 1889 1080 1930 lib.
1112 1888 1288 1940 V1tus).
1324 1888 1500 1928 »Restat
1532 1900 1766 1940 parumper
1787 1889 2003 1929 discutere
2022 1901 2086 1929 er—

209 1959 354 1988 rores«
389 1949 434 1986 ><
469 1958 691 1999 »propono
724 1947 925 1987 diffusius
957 1951 1226 1999 pertractare.
1259 1947 1443 1998 Explicit
1474 1951 1521 1987 tr.
1555 1947 1609 1986 de
1641 1959 1729 1987 ver.
1763 1959 1797 1987 s.
1832 1958 1894 1987 ss

348 2019 411 2067 (In
441 2021 728 2056 constituendis
759 2020 884 2056 titulis
918 2023 1089 2067 anepigr.
1121 2030 1218 2055 usus
1250 2030 1338 2055 sum
1361 2029 1476 2066 opere
1514 2018 1669 2055 Wiclifs
1686 2020 1754 2057 lat.
1778 2018 2082 2055 Streitschriften

209 2078 299 2182 lsxiegrn
320 2077 716 2185 va.3B(t;c)ldensieg‚
749 2077 906 2124 Leipzig
940 2078 1062 2124 1883,
1095 2078 1135 2113 in
1151 2077 1266 2124 praef.
1300 2089 1336 2124 p.
1361 2075 1494 2122 LXIX,
1519 2075 1690 2121 LXXXI,
1713 2075 1923 2123 LXXXII.)
1956 2076 2081 2113 Vetus

303 2164 311 2172 .
382 2164 392 2181 ,
522 2166 548 2183 ¹.

350 2246 451 2301 415
811 2246 907 2298 III.
944 2247 1003 2297 B.
1042 2249 1088 2297 6.
1127 2258 1187 2303 (Y.
1204 2259 1271 2293 III.
1287 2259 1320 2293 2.
1345 2269 1379 2293 n.
1404 2260 1476 2301 30.)

203 2342 354 2383 chart.
385 2353 503 2383 saec.
533 2341 650 2382 XIV
661 2342 721 2396 ff
753 2342 853 2390 188,
884 2341 1076 2383 30><22
1106 2354 1205 2390 cm„
1238 2343 1266 2382 2
1295 2354 1355 2382 m.

211 2480 249 2523 C
310 2481 320 2491 υ
348 2423 598 2490 Sermones
630 2423 933 2464 dominicales
965 2434 992 2463 a
1022 2423 1145 2464 festo
1176 2423 1536 2465 resurrectionis
1569 2434 1718 2474 usque
1749 2423 1807 2463 ad
1826 2424 2083 2464 adventum-

249 2483 387 2579 bns?
390 2513 458 2579 '1⁸
495 2540 686 2580 »Aleluia
718 2539 822 2581 di'cit
853 2538 1110 2591 Gregorius:
1158 2539 1242 2592 Qui
1272 2539 1329 2579 ad
1360 2551 1461 2579 vere
1493 2539 1807 2591 predicacionis
1838 2539 1996 2578 verba«
2032 2539 2075 2576 ><

210 2597 237 2638 f.
276 2597 378 2638 188ιι
413 2607 708 2650 »suspensum
741 2602 887 2638 teneat
917 2600 1231 2638 ammirantem.
1279 2597 1409 2650 Quod
1441 2598 1594 2637 nobis«
1629 2601 1708 2637 etc.

350 2668 475 2706 Vetus
506 2671 608 2716 sign.
645 2669 690 2715 O,
725 2670 793 2708 31.

350 2780 448 2835 416
812 2781 909 2833 III.
945 2781 1005 2831 B.
1046 2782 1089 2832 7.
1115 2792 1176 2838 (Y.
1194 2792 1261 2827 HJ.
1281 2793 1314 2827 2.
1341 2801 1374 2825 n.
1400 2793 1473 2848 31.)

209 2876 354 2918 chart.
385 2886 502 2917 saec.
532 2875 793 2916 XIV—XV
802 2875 867 2930 ff.
898 2875 984 2917 118
1012 2887 1151 2927 num„
1179 2875 1371 2917 30><22
1401 2886 1500 2924 cm„
1530 2875 1553 2916 1
1589 2885 1648 2914 m.
1725 2846 1728 2850 ¹

313 3014 323 3024 ι
347 2955 587 2998 Wilhelmi
614 2955 895 2997 Parisiensis
935 2956 1148 2998 Secunda
1190 2967 1301 3007 pars
1345 2958 1574 2996 tractatus
1605 2953 1661 2995 de
1691 2954 1916 2995 universo
1946 2954 2078 3006 spiri-

209 3014 376 3112 tuasti.
415 3073 457 3112 1·
494 3072 669 3124 »Incipit
699 3072 898 3113 secunda
927 3073 1155 3124 (particula
1184 3072 1315 3112 huius
1345 3074 1470 3111 vocis
1501 3070 1654 3111 evulsa
1684 3072 1771 3119 est)
1802 3081 1903 3121 pars
1924 3074 2078 3111 tracta-

210 3136 282 3172 tus
314 3131 367 3170 de
399 3132 604 3170 universo
635 3131 857 3182 spirituali.
890 3129 1088 3170 Honoret
1118 3134 1158 3170 te
1191 3129 1315 3178 deus,
1363 3131 1571 3181 quoniam
1617 3132 1660 3168 et
1704 3131 1751 3168 tu
1795 3130 1940 3180 ipsum
1986 3140 2075 3169 non

210 3199 363 3241 parum
395 3188 713 3240 acceptabiliter
744 3188 962 3229 honoras«
999 3189 1042 3226 ><
1073 3187 1101 3228 s.
1139 3184 1240 3227 118¹³
1276 3187 1381 3226 »sed
1427 3187 1564 3227 solius
1596 3188 1907 3238 omnipotentis
1939 3190 1981 3226 et
2013 3187 2072 3226 di-

209 3249 308 3287 vine
339 3248 506 3285 virtutis
537 3245 762 3286 mirandus
796 3245 978 3286 effectus
1011 3248 1215 3297 sequitur.
1248 3244 1343 3284 Jam
1385 3255 1489 3296 ergo
1535 3255 1800 3295 responsum
1845 3248 1914 3284 est
1959 3245 2070 3284 tibi«

265 3384 449 3423 mmmm
463 3402 469 3422 :
501 3393 558 3422 eat
577 3392 649 3422 cod.
671 3394 723 3422 iat.
1106 3393 1164 3426 161
1862 3393 1893 3421 11
