2476 3782
1095 276 1180 314 446

350 414 378 454 f.
416 414 684 454 1902—1912
715 413 858 453 Series
881 413 1217 464 patriarcharum
1241 412 1580 463 Byzantinorum
1618 416 1660 450 et
1681 409 2071 449 Alexandrinorum

206 476 248 512 et
278 472 648 512 Antiochenorum
680 483 760 512 nec
792 482 881 511 non
912 473 1219 522 imperatorum
1251 469 1539 522 quorundam.

350 529 378 569 f.
417 529 683 570 1912—1922
717 527 924 579 (anepigr.)
956 527 1284 578 Fragmentum
1315 525 1567 566 Gestorum
1597 524 1786 565 Henrici
1807 523 1868 564 VI
1885 528 2074 564 auctore

206 585 456 628 Godefrido
486 586 783 628 viterbiensi.
829 586 1110 626 »Guilielmus
1152 587 1342 632 moritur,
1385 584 1638 624 Lancredus
1669 585 1771 632 (sic)
1802 583 1991 622 levatur«
2030 582 2073 617 >²4

209 645 475 686 »defendunt
504 646 745 685 Ariminum
778 644 902 684 sicud
935 644 1120 695 palatini.
1154 643 1311 682 Postea
1341 641 1623 682 Marcualdus
1653 640 1773 680 vadit
1806 643 1845 680 in
1881 640 2071 680 Ciciliam

205 703 348 755 ibique
379 707 577 744 mortuus
608 707 676 743 est
706 706 811 742 etc«

350 771 376 812 f.
401 769 669 812 192³—198b
689 770 937 822 »Dialogus
954 770 1009 810 de
1031 769 1355 821 questionibus
1377 768 1551 808 veteris
1578 767 1848 807 testamenti
1866 777 1892 806 a
1909 765 2074 817 princi·

204 829 282 880 pio
327 830 487 870 mundi
531 829 787 870 secundum
832 828 1190 880 Augustinum‹.
1229 826 1371 866 »Licet
1393 827 1513 866 multi
1536 827 1777 865 doctissimi
1801 825 2072 875 etprobatis-

207 890 302 927 simi
333 890 434 927 viri«
470 889 515 926 ><
550 898 658 939 »que
691 887 916 927 oculorum
950 889 1135 926 occurrit
1166 886 1430 925 obtutibus«

349 955 379 997 f.
414 954 516 996 199b
546 955 879 1007 Reimspriiche
899 953 1432 1007 (Mittelhochdeutsche)
1468 952 1584 992 iiber
1604 951 1676 991 die
1698 952 1844 992 bosen
1866 951 2073 991 Weiber:

205 1013 349 1112 {gluate
369 1014 588 1121 {3113ngOE
619 1014 757 1054 bosen
779 1014 962 1054 wihen«
997 1013 1177 1062 (Ibidem
1205 1016 1273 1052 est
1288 1016 1392 1051 nota
1414 1021 1572 1050 manus
1591 1012 1841 1049 recentioris
1863 1014 2072 1061 spectans

350 1143 553 1191 Operculis
585 1145 798 1191 adligatum
830 1149 888 1180 est
910 1144 1167 1189 fragmentum
1198 1144 1358 1183 membr,
1390 1143 1568 1177 instrum.
1601 1139 1749 1185 publici
1770 1137 2075 1174 NicolaiBubek

206 1202 488 1249 archiepiscopi
529 1202 774 1239 Colociensis
815 1204 862 1239 de
905 1214 940 1240 a.
987 1201 1107 1240 1393.
1150 1200 1193 1237 In
1235 1201 1372 1236 ultimo
1405 1199 1470 1238 fol.
1503 1209 1583 1234 non
1606 1208 1712 1237 num.
1748 1201 2076 1233 commemoratur

204 1259 405 1296 Johannes
436 1262 482 1296 de
513 1259 654 1296 Kitlicz
685 1262 884 1307 quondam
917 1261 1036 1306 episc.
1069 1258 1297 1295 Misnensis.
1330 1258 1454 1294 Vetus
1486 1258 1587 1302 sign.
1621 1255 1667 1302 Q,
1699 1255 1766 1292 47.

343 1371 459 1426 446
807 1373 901 1422 III.
946 1374 995 1422 C.
1038 1373 1118 1422 15.
1161 1382 1221 1424 <Y-
1246 1382 1293 1414 11-
1317 1383 1352 1414 5-
1377 1392 1411 1415 n.
1434 1382 1507 1423 59.)

206 1465 349 1506 chart.
380 1477 499 1507 saec.
527 1466 622 1507 XV
630 1467 691 1521 ff
725 1468 812 1508 165
840 1479 974 1514 num„
1005 1467 1122 1508 30><
1139 1466 1196 1506 22
1228 1476 1312 1506 cm.
1346 1464 1386 1504 d.
1420 1475 1478 1503 m.

349 1547 376 1587 f.
415 1547 574 1588 1—37b
614 1547 750 1589 Vitae
790 1554 988 1599 patrum.
1035 1550 1188 1596 (Rubr.)
1234 1546 1408 1598 »Incipit
1447 1545 1563 1593 liber,
1607 1546 1679 1595 qui
1739 1543 1892 1582 dieitur
1942 1544 2073 1581 vitas-

206 1609 375 1657 patrum
417 1606 559 1646 editus
605 1619 631 1647 a
673 1608 712 1646 b.
746 1606 1005 1651 Jeronimo.«
1054 1605 1343 1645 »Benedictus
1376 1604 1500 1651 deus,
1548 1605 1620 1654 qui
1652 1601 1750 1641 wit«
1787 1601 1830 1638 ><
1869 1599 2078 1651 »Explicit

206 1664 311 1703 liber
341 1664 482 1704 dictus
513 1667 798 1717 vitaspatrum
830 1665 973 1705 editus
1004 1677 1031 1704 a
1061 1665 1103 1704 b.
1135 1663 1394 1703 Jeronimo.‹

350 1733 379 1773 s.
410 1732 626 1774 382—621’
658 1737 868 1784 (anepigr.)
900 1732 1107 1774 Gualteri
1146 1731 1331 1773 Burlaei
1370 1730 1613 1772 Tractatus
1659 1729 1714 1769 de
1754 1728 1852 1769 vita
1894 1731 1940 1767 et
1981 1738 2077 1767 mo-

206 1789 334 1832 ribus
364 1791 750 1844 philosophorum
781 1798 1006 1833 veterum.
1043 1791 1134 1831 »De
1165 1794 1254 1830 vita
1285 1794 1326 1829 et
1358 1789 1554 1829 moribus
1597 1787 1957 1840 philosophorum
2004 1797 2077 1824 ve-

207 1854 345 1890 terum
378 1853 662 1891 tractaturus«
699 1852 741 1888 ><
776 1855 845 1891 »et
876 1854 938 1890 sic
971 1850 1141 1889 Franci*
1161 1849 1364 1899 adequati
1397 1850 1500 1887 sunt
1531 1845 1738 1886 Romanis
1771 1849 1813 1884 et
1843 1844 2075 1883 Athenien-

208 1908 331 1948 sibus
362 1909 509 1960 quoad
539 1910 719 1960 gloriam
752 1909 994 1949 studiorum
1027 1911 1068 1948 in
1101 1907 1376 1959 philosophia
1407 1909 1448 1945 et
1470 1908 1512 1945 in
1534 1903 1698 1944 artibus
1730 1902 1990 1942 liberalibus
2024 1901 2078 1940 Et

208 1968 271 2005 sic
301 1964 402 2005 finis
433 1970 502 2006 est
530 1968 661 2007 huius
693 1970 874 2019 operis«

349 2034 377 2074 f.
408 2035 623 2077 632—7922
643 2036 872 2078 Johannis
893 2034 1129 2076 Vallensis
1165 2033 1511 2084 Breviloquium
1528 2033 1584 2073 de
1601 2035 1800 2083 quatuor
1820 2029 2074 2070 virtutibus

207 2092 529 2135 cardinalibus.
566 2095 823 2147 »Quoniam
855 2099 902 2134 ut
933 2094 1034 2134 dicit
1074 2092 1283 2133 Salomon
1325 2092 1448 2131 Prov.
1481 2091 1562 2131 20«
1597 2092 1641 2129 ><
1677 2092 1774 2141 »qui
1816 2092 1884 2128 est
1925 2090 2076 2139 princi-

208 2154 326 2204 pium
356 2155 523 2193 virtutis
555 2158 597 2194 et
626 2153 738 2193 finis.
773 2153 926 2192 Amen.
960 2152 1014 2192 Et
1045 2154 1107 2191 sic
1139 2154 1207 2190 est
1236 2149 1336 2190 finis
1359 2149 1641 2190 ocznostech
1664 2147 1841 2187 swrchu
1862 2145 2075 2197 psanych.

207 2210 281 2250 tak
312 2210 431 2250 buoh
463 2211 588 2263 day.«
638 2210 781 2263 (Opus
823 2211 878 2250 ab
910 2221 1040 2262 opere
1073 2208 1267 2249 Senecae
1300 2208 1536 2255 diversum,
1579 2210 1621 2246 in
1654 2206 1749 2246 cod.
1785 2205 2077 2256 Amploniano

207 2266 260 2318 O,
291 2267 347 2308 92
378 2266 563 2317 (Schum
595 2268 698 2319 750)
727 2269 967 2309 attribuitur
997 2267 1217 2308 Gualtero
1247 2266 1479 2317 Burlaeo.)

353 2337 379 2378 f.
414 2334 628 2379 79b-—85b
659 2341 869 2387 (anepigr.)
899 2335 1216 2377 Auctoritates
1247 2334 1516 2376 Aristotelis
1549 2345 1656 2374 cum
1688 2331 2000 2384 expositione,
2034 2334 2077 2370 in

207 2395 295 2436 fine
326 2407 508 2437 mancae
539 2397 685 2437 multis
716 2395 828 2436 foliis
860 2396 1035 2435 evulsis.
1084 2393 1277 2434 »Omnes
1308 2394 1511 2433 homines
1543 2393 1790 2432 naturaliter
1821 2392 1931 2430 scire
1964 2390 2077 2428 desi-

209 2454 384 2494 derant«
420 2455 464 2493 ><
498 2453 767 2496 »Intellectus
798 2465 887 2494 non
918 2454 1051 2493 habet
1080 2452 1239 2504 aliquid
1271 2462 1484 2502 organum
1516 2453 1558 2490 in
1591 2461 1786 2502 corpore,
1820 2448 1898 2488 sed
1922 2451 1989 2487 est
2011 2459 2077 2486 se-

209 2515 386 2564 paratus
417 2513 472 2552 ab
504 2515 623 2553 omni
655 2523 844 2564 organo«
880 2514 1042 2559 (cetera
1073 2511 1263 2559 desunt).

352 2581 380 2622 f.
411 2580 626 2623 862—981’
657 2581 846 2622 Arnesti
877 2580 1076 2632 archiep.
1107 2580 1235 2631 Prag.
1269 2579 1453 2619 Statuta
1483 2591 1520 2618 a.
1560 2577 1668 2618 1349
1699 2576 1856 2616 additis
1889 2579 1985 2615 stat.
2038 2587 2075 2613 a.

214 2639 324 2679 1384
353 2643 395 2680 et
430 2639 550 2682 1386.
584 2640 668 2689 (Cf.
701 2640 862 2687 Hosser,
896 2638 1059 2679 Concii.
1094 2638 1214 2689 Prag.
1250 2650 1289 2689 p.
1323 2637 1392 2686 31,
1424 2636 1513 2685 35.)

353 2708 379 2749 f.
412 2709 658 2750 998--121ει
687 2709 823 2750 Liber
853 2709 909 2749 de
940 2707 1244 2748 naturalibus.
1291 2707 1456 2746 »Abicit
1496 2704 1688 2745 mundus
1731 2713 1959 2754 pauperes,
2001 2701 2078 2740 ho-

210 2771 333 2807 norat
374 2767 550 2808 divites«
588 2769 630 2806 ><
667 2770 792 2819 »quia
838 2778 1006 2819 pennas
1048 2769 1251 2806 virtutum
1295 2776 1383 2804 non
1425 2764 1599 2803 habent.
1647 2761 1702 2801 Et
1742 2763 1804 2800 sic
1851 2764 1919 2800 est
1962 2758 2074 2799 finis.

210 2825 393 2877 Explicit
431 2826 536 2866 liber
575 2826 629 2865 de
670 2826 976 2866 naturalibus«
1021 2823 1153 2873 (Sunt
1182 2822 1470 2864 Moralitates
1500 2819 1664 2862 Jacobi
1707 2819 1762 2858 de
1792 2818 2078 2865 Lausanna.)

353 2894 379 2934 f.
419 2895 685 2935 1212-1222
716 2893 869 2935 Sermo
902 2895 954 2934 de
988 2905 1023 2934 s.
1055 2892 1233 2933 jacobo,

355 2953 382 2992 s.
421 2952 692 2994 1232—1282
723 2952 876 2993 Sermo
909 2953 962 2991 de
995 2954 1203 3004 passione
1237 2950 1407 2990 Christi.

354 3021 380 3062 f.
420 3021 686 3062 12821——141b
718 3023 798 3075 (M.
830 3020 1018 3063 Heni-ici
1048 3021 1104 3061 de
1133 3019 1391 3071 Bitterfeld)
1421 3018 1663 3059 Tractatus
1695 3017 1750 3056 de
1782 3013 2079 3055 institutione

211 3080 491 3121 sacramenti
531 3081 855 3121 eucharistiae.
906 3079 1075 3132 »Quare
1122 3089 1210 3118 non
1259 3080 1402 3117 statim
1451 3079 1551 3128 post
1582 3076 1753 3126 lapsum
1786 3074 1999 3113 hominis«
2038 3074 2077 3107 ><

216 3142 287 3178 »ut
317 3139 582 3179 accedamus
626 3149 727 3178 curn
760 3150 935 3178 summa
976 3138 1219 3177 devocione
1251 3135 1306 3174 ad
1340 3137 1615 3174 sacramenta
1646 3133 1851 3172 dominici
1884 3132 2077 3181 corporis

212 3201 254 3236 et
285 3199 510 3249 sanguinis
557 3195 727 3243 Christi,
774 3200 822 3236 ut
862 3207 962 3236 cum
1009 3206 1061 3234 eo
1105 3197 1198 3234 sine
1240 3193 1326 3233 fine
1370 3194 1551 3232 letemur
1582 3194 1624 3230 in
1662 3190 1842 3242 speculo
1875 3189 2078 3228 claritatis

212 3259 356 3294 eterne
388 3257 430 3294 in
463 3254 611 3293 secula
643 3255 902 3294 seculorum.
935 3254 1115 3292 Amen«

1116 3401 1178 3432 175
