2476 3782
2025 252 2117 286 XVIl

259 391 458 442 expressi
490 389 691 429 codicum
723 391 889 428 numeri
922 392 1157 437 currenteS,
1190 389 1246 428 ad
1278 400 1391 440 quos
1425 393 1624 440 spectant
1650 390 1818 429 tabulae
1851 392 1979 431 huius
2011 396 2124 432 cata-

258 458 348 510 logi
379 462 422 499 et
451 458 594 499 index.
657 455 854 509 Quorum
898 467 1178 497 numerorum
1221 468 1307 509 quo
1354 457 1516 498 facilior
1561 460 1616 497 sit
1660 463 1938 510 conspectus,
1986 461 2125 501 ubivis

258 527 506 579 catalogum
536 530 733 567 nostrum
767 526 992 573 evolveriS‚
1025 537 1254 566 numerum
1288 526 1490 578 descripti
1527 528 1691 567 codicis
1722 528 1846 579 primi
1877 531 1919 568 in
1953 541 2126 570 summa

262 599 421 648 pagina
450 597 637 643 sinistra,
668 595 803 634 ultimi
835 597 876 635 in
910 606 1085 635 summa
1116 597 1274 647 pagina
1296 596 1447 635 dextra
1468 599 1674 636 invenies.
1709 596 1911 648 Sequitur
1941 601 2123 650 primum

259 665 406 705 litteris
435 665 620 705 cursivis
652 663 884 716 descriptio
916 665 1090 704 habitus
1122 665 1323 705 codicum
1366 668 1528 705 externi
1571 666 1804 716 (materiae,
1837 670 2002 713 aetatis,
2045 681 2127 709 nu—

261 736 367 775 meri
395 732 632 773 altitudinis
669 736 711 772 et
734 734 976 774 latitudinis
999 733 1211 780 foliorum,
1245 738 1350 786 quot
1371 735 1574 775 manibus
1606 739 1781 783 exarati,
1813 748 1918 776 num
1951 740 2126 788 picturis

261 803 399 845 ornati
421 798 581 855 sint)³⁸)
604 805 646 842 et
677 802 849 854 quidem
883 806 998 843 notis
1030 804 1260 853 tralaticiis,
1293 804 1449 844 deinde
1481 805 1627 845 litteris
1660 807 1895 846 maioribus
1927 812 2126 847 accurate

262 870 568 913 describuntur
598 883 742 924 opera,
790 883 902 924 quae
935 873 1160 913 codicibus
1202 877 1488 923 continentur,
1531 886 1631 914 cum
1679 878 1771 915 suis
1817 875 2015 916 foliorum
2048 888 2127 916 nu-

257 936 460 988 meris.³⁴)
522 940 717 993 Quarum
749 942 981 982 litterarum
1014 945 1056 982 in
1090 942 1379 983 describendo
1411 947 1617 995 usurpavi
1649 944 1813 984 formas
1845 945 1978 984 duas:
2011 957 2126 986 cras-

261 1009 450 1050 sioribus
481 1013 683 1050 auctores
715 1014 757 1051 et
788 1012 892 1051 tituli
925 1023 1104 1063 operum
1139 1015 1314 1053 maioris
1346 1017 1566 1062 momenti,
1609 1016 1709 1053 item
1753 1015 1902 1054 librarii
1944 1019 1986 1054 et
2025 1019 2125 1055 anni

261 1081 478 1126 notantur,
513 1079 717 1119 tenuibus
749 1084 892 1120 cetera
923 1084 1081 1128 omnia,
1115 1085 1232 1122 initia
1262 1086 1304 1122 et
1334 1082 1446 1122 fines
1479 1094 1672 1134 operum,
1715 1084 1928 1135 opuscula
1968 1085 2124 1135 brevia,

259 1151 402 1196 notae,
436 1153 653 1201 excerpta,
687 1152 781 1190 eius
814 1151 932 1191 modi
964 1153 1058 1191 alia.
1091 1150 1279 1192 Nomina
1300 1156 1539 1195 auctorum,
1574 1164 1684 1204 quae
1716 1155 1758 1192 in
1791 1154 2015 1193 codicibus
2039 1166 2126 1194 non

261 1217 475 1269 leguntur,
510 1218 589 1258 sed
621 1219 793 1259 aliunde
826 1223 1042 1273 exquisita
1074 1226 1188 1269 sunt,
1222 1222 1374 1261 inclusi
1414 1224 1597 1265 uncinis,
1641 1233 1753 1273 quos
1800 1223 1943 1262 itidem
1977 1224 2126 1263 crebro

257 1286 436 1328 adhibui
468 1289 511 1328 in
544 1288 727 1328 diversis
760 1289 1082 1339 additamentiS,
1117 1291 1276 1342 quibus
1309 1291 1624 1343 descriptiones
1659 1293 1924 1344 supplentur.
1957 1292 2124 1338 Titulis,

261 1359 335 1410 qui
365 1369 510 1410 neque
541 1361 583 1398 in
615 1369 796 1410 operum
829 1360 1008 1400 exordio
1040 1372 1182 1412 neque
1213 1363 1256 1401 in
1288 1361 1374 1401 fine
1397 1372 1539 1413 neque
1561 1363 1602 1400 in
1626 1364 1806 1414 registro
1838 1364 2125 1403 inveniuntur.

261 1427 342 1467 sed
375 1438 430 1467 ex
461 1430 558 1480 ipso
590 1433 847 1480 argumento
879 1433 1109 1482 compositi
1142 1434 1257 1481 sunt,
1289 1435 1438 1470 notam
1475 1434 1716 1483 »anepigr«
1752 1431 1943 1483 praefixi.
1967 1431 2128 1472 Contra

260 1507 549 1549 quaecunque
595 1499 728 1538 verba
776 1503 1044 1550 (praesertim
1092 1500 1267 1540 initialia
1311 1504 1353 1540 et
1383 1500 1545 1553 finalia)
1577 1512 1599 1540 e
1631 1502 1856 1541 codicibus
1902 1504 2010 1552 ipsis
2057 1502 2127 1541 de-

262 1570 471 1619 prompsi,
520 1569 656 1620 signis
692 1586 710 1603 »
779 1586 796 1603 «
843 1570 1131 1618 includebam‚
1179 1581 1417 1622 eorumque
1463 1574 1611 1622 utique
1656 1574 1865 1622 integram
1912 1572 2126 1611 scribendi

258 1638 484 1686 rationem,
517 1639 655 1691 qualis
687 1641 728 1678 in
761 1639 987 1679 codicibus
1019 1644 1098 1685 est,
1122 1641 1372 1682 retinebam,
1395 1652 1483 1680 non
1506 1645 1651 1680 tamen
1682 1644 1752 1690 ita,
1785 1645 1831 1680 ut
1861 1642 2126 1681 maiusculas

258 1705 420 1748 litteras
452 1719 530 1760 pro
561 1710 831 1757 minusculis,
865 1709 882 1748 z·
912 1721 988 1761 pro
1007 1708 1050 1762 j,
1081 1722 1107 1749 v
1139 1721 1215 1761 pro
1245 1722 1276 1750 u
1308 1713 1473 1761 passim
1506 1721 1666 1762 ponere
1699 1714 1741 1750 et
1770 1721 1912 1749 annos
1943 1711 2126 1750 arabicis

259 1786 540 1818 numerorum
573 1781 688 1818 notis
720 1782 959 1831 exprimere
991 1791 1172 1820 vererer.
1220 1780 1445 1820 Postremo
1476 1781 1622 1820 litteris
1654 1779 1894 1820 minoribus
1936 1791 2126 1820 excusae

266 1850 372 1887 sunt
400 1851 530 1888 notae
563 1848 605 1888 in
638 1850 852 1900 operculis
885 1851 951 1889 vel
983 1849 1095 1889 foliis
1128 1851 1372 1902 praeligatis
1405 1853 1447 1890 et
1476 1850 1675 1901 adligatis
1706 1854 1997 1898 occurrentes,
2015 1861 2125 1902 quae

259 1916 512 1969 plerumque
545 1920 686 1970 priora
717 1919 918 1959 codicum
961 1919 1048 1959 fata
1079 1924 1121 1959 et
1152 1931 1440 1971 possessores
1481 1924 1762 1968 concernunt,
1809 1931 2125 1972 nonnunquam

257 1986 480 2027 historiam
512 1989 654 2039 ipsam
686 1988 911 2038 illustrant,
945 1993 987 2028 et
1017 1994 1299 2030 recensentur
1328 1989 1570 2041 fragmenta
1601 1992 1890 2041 antiquiorum
1925 1990 2125 2029 codicum

253 2056 324 2096 vel
354 2056 719 2098 documentorum
767 2060 983 2111 operculis
1016 2070 1104 2100 non
1157 2072 1253 2100 raro
1301 2060 1586 2112 adligatorum
1634 2061 1703 2099 vel
1748 2060 2124 2110 adglutinatorum.

254 2125 425 2179 Quibus
456 2130 572 2168 notis
603 2127 807 2168 finalibus
839 2132 1005 2180 passim
1054 2130 1389 2183 (nonnunquam
1421 2132 1549 2170 etiam
1593 2130 1955 2181 descriptionibus
2001 2127 2124 2180 ipsis)

254 2195 432 2236 additus
463 2200 532 2237 est
561 2202 797 2249 apparatus
830 2201 901 2251 qui
935 2199 1088 2239 dicitur
1128 2200 1354 2239 litterarius
1401 2210 1551 2239 eorum
1599 2200 1752 2239 saltem
1799 2199 2124 2250 opusculorum,

254 2275 367 2318 quae
397 2267 455 2307 ad
486 2267 710 2307 historiam
745 2272 924 2320 patriam
957 2270 1256 2310 illustrandam
1297 2269 1498 2310 videntur
1528 2280 1628 2308 esse
1674 2269 1856 2308 alicuius
1903 2270 2123 2313 momenti,

251 2346 386 2388 saepe
417 2339 546 2377 etiam
577 2338 772 2378 aliorum.
834 2337 944 2378 Nam
977 2350 1076 2379 cum
1110 2342 1290 2379 minima
1330 2350 1431 2391 pars
1462 2339 1690 2379 latinorum
1724 2338 1924 2378 codicum
1957 2341 2124 2377 nostro-

254 2416 348 2446 rum
384 2406 569 2458 (circiter
605 2407 703 2458 100)
736 2419 853 2449 saec.
885 2408 982 2449 XIV
1024 2411 1238 2461 antiquior
1279 2412 1410 2457 esset,
1458 2411 1650 2448 maxima
1696 2408 1878 2458 (circiter
1908 2406 2038 2458 2100)
2068 2406 2124 2446 ad

250 2476 429 2516 saecula
458 2475 557 2518 XIV
587 2481 630 2517 et
659 2477 740 2517 XV
772 2478 1013 2531 referretur,
1047 2479 1206 2531 quibus
1239 2481 1387 2519 omnia
1418 2479 1564 2518 divina
1595 2482 1636 2517 et
1667 2479 1860 2517 humana
1890 2476 2007 2528 apud
2039 2487 2122 2515 nos

251 2546 559 2590 miscebantur,
593 2549 721 2587 etiam
753 2550 795 2588 in
827 2549 911 2588 hoc
944 2553 1154 2600 apparatu
1177 2549 1475 2601 conquirendo
1497 2559 1647 2588 eorum
1679 2547 1874 2598 inprimis
1906 2546 2122 2591 librorum,

251 2617 325 2666 qui
354 2616 520 2656 illarum
554 2617 776 2658 turbarum
809 2621 938 2659 notas
985 2619 1201 2671 quasdam
1244 2622 1286 2658 et
1329 2621 1513 2670 vestigia
1558 2629 1659 2669 prae
1706 2628 1754 2655 se
1801 2615 1970 2661 ferrent,
2018 2617 2123 2654 ratio

251 2684 354 2725 mihi
383 2685 589 2727 habenda
620 2698 720 2727 esse
752 2688 991 2728 videbatur.
1055 2687 1197 2741 Quem
1229 2692 1484 2740 apparatum
1527 2689 1702 2726 minime
1752 2697 1853 2725 esse
1886 2684 2122 2736 perfectum

247 2765 390 2807 neque
422 2756 672 2796 absolutum
721 2769 990 2810 quamquam
1033 2759 1135 2798 mihi
1183 2761 1390 2799 conscius
1424 2769 1536 2802 sum,
1585 2761 1730 2796 tamen
1763 2766 1892 2806 spero
1925 2754 2028 2802 fore,
2076 2758 2123 2793 ut

246 2823 451 2864 historiae
483 2830 659 2867 nostrae
691 2828 1005 2868 scrutatoribus
1036 2829 1119 2868 hae
1162 2829 1575 2881 quantulaecunque
1617 2830 1747 2866 notae
1778 2827 1988 2876 gratiores
2037 2825 2123 2862 sint

379 2938 433 2991 33)
462 2944 507 2981 In
539 2945 695 2982 schedis
741 2945 858 2982 huius
912 2946 1079 2993 catalogi
1127 2945 1380 2993 autographis
1412 2946 1451 2980 in
1483 2949 1681 2991 posterum
1723 2941 1972 2978 asservandis
2004 2944 2120 2976 etiam

247 2996 500 3049 annotabam,
533 3005 732 3051 quomodo
765 3003 927 3041 codices
960 3004 1068 3052 ligati
1100 3009 1233 3041 essent
1264 3009 1300 3040 et
1331 3008 1427 3050 quot
1459 3001 1651 3038 columnis
1683 3001 1826 3036 librarii
1859 2999 2120 3045 scripsissent,

245 3066 346 3104 quas
374 3062 505 3097 tamen
537 3066 666 3107 notaS,
699 3073 788 3099 cum
823 3066 955 3099 essent
984 3060 1146 3099 minoris
1178 3061 1376 3105 momenti,
1409 3061 1472 3096 hic
1503 3059 1737 3096 omittendas
1768 3057 1914 3105 putavi.

378 3122 432 3176 ⁸⁴)
460 3130 621 3168 Veteres
667 3131 848 3169 foliorum
896 3143 1094 3179 numeros,
1140 3132 1230 3168 licet
1275 3132 1466 3168 interdum
1513 3131 1691 3175 vitiosos,
1724 3132 1883 3164 retinere
1915 3127 2119 3162 studebam

245 3184 384 3223 melius
415 3193 558 3233 putans
590 3190 688 3226 tales
720 3191 891 3236 codiceS‚
939 3201 1104 3237 quorum
1152 3190 1245 3226 folia
1286 3190 1408 3226 multo
1451 3194 1539 3225 ante
1591 3198 1750 3223 »num«
1796 3187 1868 3230 (z
1903 3184 2122 3225 numerata)

245 3249 336 3294 sint,
369 3244 418 3284 ab
451 3245 561 3284 initio
594 3248 755 3286 indicari
787 3260 910 3295 quam
944 3260 1192 3287 numerorum
1224 3251 1362 3284 seriem
1395 3251 1547 3285 mutari.
