2476 3782
1229 289 1336 330 1215

493 429 553 464 Ad
589 429 739 464 calcem
771 428 794 464 f.
834 423 905 465 17b
937 428 1080 474 (ultimi
1112 430 1345 476 membran.)
1366 430 1463 465 haec
1484 433 1577 465 nota
1599 430 1786 465 occurrit:
1823 429 2074 466 »Ulteriorem
2105 440 2211 466 men-

347 486 450 522 sium
491 487 629 522 seriem
678 496 767 522 cum
810 487 1008 522 annotatis
1051 486 1322 523 defunctorum
1369 487 1594 523 nominibus
1635 490 1671 522 et
1711 486 1858 533 origine
1889 486 1958 525 SS.
1992 486 2212 534 Capparum

347 544 506 590 quidam
538 544 637 590 (una
669 553 748 579 vox
780 547 994 580 atramento
1026 543 1144 591 illita)
1167 543 1391 581 Crumlovio
1423 542 1519 592 (sic)
1541 544 1707 580 studiosi
1731 544 1959 580 exciderunt
1979 544 2020 580 in
2041 545 2211 592 capitulo

352 602 499 639 1647«.
533 600 624 637 Ideo
656 610 746 647 pars
778 601 937 637 ulterior
968 601 1173 638 chartacea
1204 602 1337 638 addita
1367 606 1437 639 est.
1470 601 1500 638 E
1531 607 1699 638 monast.
1732 601 1772 639 S.
1805 601 1994 639 Coronae.

487 712 613 764 1215
1139 712 1246 762 VII.
1284 714 1345 763 A.
1383 715 1430 762 9.

344 805 487 845 chart.
521 817 563 847 a.
593 805 710 846 1756
734 805 786 859 ff.
819 806 916 855 156,
948 805 1139 847 40><27
1171 819 1254 847 cm.
1285 806 1309 847 1
1344 818 1404 846 m.

343 885 551 926 Historia
590 886 714 926 sacri
756 886 968 927 canonici
1010 886 1187 927 ordinis
1227 886 1582 938 Crucigerorum
1624 897 1729 926 cum
1769 886 1927 927 Rubeo
1969 886 2118 928 Corde
2159 887 2216 928 de

342 943 636 984 Poenitentia
665 944 916 985 Beatorum
953 944 1216 997 Martyrum
1256 948 1299 985 in
1333 948 1518 996 quatuor
1562 947 1769 983 tractatus
1816 945 1955 984 divisa
1981 975 2135 986 .....
2158 945 2215 986 ad

345 1002 557 1041 bilancem
605 1003 910 1053 chronologiae
962 1005 1211 1042 examinata
1237 1034 1391 1045 .....
1414 1013 1496 1053 per
1547 1001 1779 1042 Joannem
1802 1002 2022 1043 Carolum
2067 1002 2214 1052 Rohn,

346 1058 558 1099 Boemum
591 1059 1055 1111 Reichenbergensem‚
1090 1060 1288 1100 eiusdem
1320 1059 1410 1100 ord.
1444 1059 1500 1099 ad
1523 1057 1566 1099 S.
1591 1058 1776 1100 Crucem
1811 1059 2022 1100 Maiorem
2053 1060 2216 1112 Pragae

851 1121 1109 1158 canonicum
1144 1119 1398 1169 regularem.
1431 1117 1481 1158 A.
1516 1116 1555 1157 d.
1592 1114 1715 1157 1756.

488 1189 546 1225 Ex
577 1191 713 1226 eodem
746 1191 997 1227 monasterio.

487 1290 805 1344 1216-1218
1020 1290 1131 1340 VII.
1174 1290 1234 1340 A.
1272 1290 1391 1348 IOa,
1427 1289 1470 1348 b,
1506 1305 1542 1339 ε.

345 1383 489 1423 chart.
523 1386 705 1436 autogr.
739 1396 769 1424 a
798 1383 1092 1425 1744—1780
1111 1382 1175 1435 ff.
1207 1383 1307 1432 245,
1336 1384 1436 1433 227,
1467 1384 1566 1435 180,
1595 1384 1699 1424 355
1713 1386 1755 1421 ><
1772 1383 1829 1423 22
1842 1395 1924 1423 cm.

343 1463 491 1504 Janus
540 1464 721 1505 bifrons
768 1467 1041 1516 respectans
1090 1464 1352 1514 praeterita,
1403 1475 1546 1515 agens
1596 1464 1877 1516 praesentia,
1927 1463 2216 1514 prospiciens

344 1521 530 1571 futuris,
573 1534 657 1563 seu
702 1523 837 1563 Liber
867 1522 1046 1563 archivi
1077 1521 1108 1571 1,
1141 1522 1192 1571 11,
1223 1522 1281 1561 111
1312 1522 1508 1562 Sanctae
1550 1522 1712 1563 Crucis
1754 1521 2069 1572 complectens
2115 1525 2219 1562 acta

343 1591 426 1630 per
454 1583 719 1631 temporum
760 1582 1007 1621 decursum
1040 1591 1067 1619 a
1097 1580 1247 1631 primo
1278 1579 1472 1631 Pragam
1497 1611 1506 1620 .
1534 1610 1543 1620 .
1570 1611 1579 1620 .
1626 1579 1980 1630 Crucigerorum
2009 1580 2050 1620 b.
2083 1582 2217 1620 mart.

344 1637 399 1677 de
458 1638 748 1688 poenitentia
807 1639 1010 1678 adventu
1037 1670 1046 1678 .
1074 1668 1083 1677 .
1112 1670 1119 1677 .
1146 1637 1341 1677 collecta
1366 1671 1374 1678 .
1403 1672 1409 1678 .
1439 1670 1446 1678 .
1474 1638 1556 1677 sub
1618 1640 1822 1689 regimine
1850 1668 1858 1676 .
1886 1671 1893 1677 .
1923 1669 1932 1677 .
1965 1636 2218 1677 Wenceslai

344 1695 628 1747 Kirchmayer
673 1696 727 1736 de
774 1696 1008 1736 Reichwitz
1057 1698 1291 1746 praepositi
1338 1695 1394 1735 ad
1427 1694 1470 1735 S.
1505 1694 1690 1735 Crucem
1736 1694 1947 1734 Maiorem
1979 1693 2127 1747 (scribi
2156 1697 2219 1734 in-

345 1754 521 1803 choata)
552 1765 592 1793 a.
629 1753 740 1794 1744
770 1754 837 1806 (et
867 1764 1015 1804 usque
1048 1753 1107 1793 ad
1138 1764 1176 1792 a.
1215 1751 1326 1793 1780
1357 1753 1676 1804 procurrentia
1721 1763 1863 1803 opera
1893 1755 1939 1792 et
1970 1763 2111 1793 manu
2140 1751 2218 1793 Jo-

1004 1810 1175 1850 hannis
1208 1810 1365 1851 Caroli
1395 1810 1564 1862 Rohn).

489 1882 540 1918 Ut
573 1883 613 1918 in
643 1883 880 1929 praefatione
923 1883 1010 1919 libri
1052 1882 1068 1918 Ι
1101 1884 1319 1928 edocemur,
1363 1883 1424 1918 his
1466 1884 1591 1918 tribus
1634 1882 1743 1918 libris
1783 1885 1935 1918 tantum
1977 1886 2090 1918 sexta
2127 1891 2218 1929 pars

345 1940 475 1987 operis
518 1941 677 1977 maioris
718 1943 963 1984 continetur;
1008 1944 1156 1987 partem
1185 1942 1397 1976 secundam
1436 1940 1525 1976 vide
1565 1940 1640 1976 sub
1672 1940 1744 1985 sig.
1776 1938 1878 1978 XIII.
1910 1939 1953 1977 B.
1989 1940 2026 1984 6,
2066 1940 2219 1975 tertiam

346 2000 419 2034 sub
450 1997 538 2035 XV.
557 1998 605 2034 A.
626 1999 662 2044 2,
686 2003 864 2045 quartam
885 1999 958 2034 sub
977 1997 1061 2035 VII.
1084 1998 1131 2034 A.
1162 1998 1225 2043 11,
1249 1998 1424 2044 quintam
1446 1999 1519 2034 sub
1542 1997 1645 2034 XIV.
1670 1997 1712 2034 C.
1738 1997 1761 2033 6
1785 1997 1926 2044 (prima
1947 1997 2217 2044 desideratur),

345 2057 515 2092 indicem
546 2056 667 2092 totius
700 2057 827 2102 operis
859 2058 931 2093 sub
965 2055 1049 2094 VII.
1082 2055 1124 2091 B.
1161 2055 1198 2093 3.
1233 2055 1291 2091 Ex
1322 2059 1489 2092 monast.
1524 2055 1777 2102 Cyriacorum
1808 2055 1917 2101 Prag.

489 2167 600 2220 1219
1127 2167 1233 2217 VII.
1272 2167 1332 2217 A.
1370 2167 1447 2216 Il.

346 2261 487 2300 chart.
521 2272 562 2300 a.
594 2260 884 2301 1741—1779
903 2260 968 2312 ff.
1000 2261 1101 2301 XII
1106 2259 1206 2304 -l-L
1235 2259 1340 2313 (62),
1371 2260 1429 2301 36
1447 2260 1565 2300 ><23
1595 2271 1678 2299 cm.
1711 2259 1751 2300 d.
1784 2271 1843 2299 m.

350 2341 518 2381 »Ortus
551 2344 596 2381 et
626 2352 823 2382 occasus
858 2372 867 2381 .
900 2372 909 2381 .
943 2372 953 2381 .
986 2341 1342 2393 Crucigerorum
1374 2352 1481 2381 cum
1510 2341 1669 2381 Rubeo
1701 2339 1851 2381 Corde
1874 2339 1932 2380 ad
1954 2339 1996 2380 S.
2021 2338 2219 2380 Crucem

344 2399 571 2439 Maiorem
604 2430 613 2439 .
647 2430 656 2439 .
690 2432 698 2440 .
733 2411 816 2439 seu
863 2399 1001 2439 Liber
1031 2399 1211 2440 archivi
1243 2399 1286 2439 S.
1320 2398 1486 2439 Crucis
1519 2398 1768 2438 continens
1799 2399 1960 2438 litteras
1992 2398 2215 2446 natalium,

345 2457 683 2508 professionum,
717 2460 993 2506 emissarum,
1028 2469 1062 2497 s.
1097 2458 1299 2497 ordinum
1333 2460 1640 2507 susceptorum
1683 2460 1725 2495 et
1756 2456 1988 2506 syllabum
2033 2454 2218 2506 religio-

347 2525 531 2554 sorum«
571 2547 577 2554 .
613 2545 623 2554 .
656 2545 665 2554 .
699 2515 966 2567 (inchoatus
999 2527 1037 2554 a.
1075 2513 1182 2554 1741
1218 2518 1264 2554 et
1285 2525 1567 2564 procurrens
1589 2524 1737 2564 usque
1760 2514 1817 2553 ad
1838 2525 1876 2553 a.
1905 2511 2016 2553 1779
2040 2515 2217 2553 auctore

972 2572 1190 2613 Johanne
1225 2571 1392 2612 Carolo
1423 2571 1593 2622 Rohn).

489 2643 558 2679 Est
589 2647 725 2690 quarta
754 2654 845 2690 pars
878 2646 1004 2690 operis
1038 2644 1196 2680 maioris
1229 2643 1294 2689 (cf.
1329 2644 1417 2679 cod.
1450 2642 1649 2689 praeced.)
1684 2653 1866 2689 magnam
1911 2646 2059 2689 partem
2107 2645 2219 2678 auto-

346 2702 505 2747 grapha.
537 2701 595 2736 Ex
626 2705 795 2737 monast.
830 2701 1083 2748 Cyriacorum
1115 2702 1224 2747 Prag.

486 2812 611 2865 1220
1130 2812 1237 2861 VII.
1275 2812 1337 2861 Α.
1374 2811 1457 2861 12.

345 2905 597 2944 membran.
628 2917 743 2946 saec.
775 2905 889 2946 XIV
905 2904 970 2957 ff.
1002 2905 1099 2956 400,
1131 2906 1188 2946 37
1209 2906 1258 2954 ><
1277 2905 1337 2946 25
1363 2917 1445 2945 cm.
1479 2905 1519 2945 d.
1552 2916 1611 2944 m.

374 2984 662 3024 Breviarium
694 2987 951 3026 secundum
992 2985 1227 3026 rubricam
1257 2985 1539 3036 Pragensem
1570 2985 1879 3036 praecedente
1911 2984 2185 3026 calendario.

486 3099 593 3150 1221
1122 3098 1228 3148 VII.
1264 3099 1327 3148 A.
1363 3098 1446 3148 13.

347 3193 492 3232 chart.
524 3203 641 3232 saec.
672 3191 982 3232 XVI—XVII
1000 3192 1051 3246 ff.
1083 3192 1180 3243 384,
1212 3191 1402 3233 35><24
1432 3204 1516 3232 cm.
1550 3192 1590 3232 d.
1622 3204 1682 3231 m.

623 3272 1015 3323 Antiphonarium
1047 3272 1222 3313 missae
1254 3272 1380 3313 notis
1412 3272 1609 3313 musicis
1641 3272 1934 3314 instructum.

1246 3421 1314 3453 476
