2476 3782
1139 259 1224 300 699

391 399 418 440 f.
452 399 727 439 2472-2482
758 398 1002 450 Registrum
1062 396 1315 438 »secretarii
1347 392 1558 449 p1·aetiee«'
1613 397 1707 436 »die
1749 396 1898 437 Martis
1938 399 1979 437 in
2012 399 2133 449 vigil⁹

245 456 419 497 Andree
446 469 522 509 per
551 468 710 497 manus
741 455 1025 508 Sigismundi
1058 455 1114 496 de
1146 454 1291 496 Grecz
1323 466 1362 495 a.
1395 455 1436 494 d.
1473 453 1581 497 1435
1614 465 1752 494 eurr«.
1787 455 1905 494 Idem
1943 459 2110 495 occurri

246 525 486 566 possessor
516 515 606 555 libri
639 518 681 555 in
713 514 919 566 operculo
951 515 1188 565 superiore.

386 629 492 683 697
853 627 946 678 IV.
984 629 1040 678 E.
1079 628 1159 678 17.
1199 638 1257 682 (Y.
1286 638 1371 672 μθ.
1391 649 1423 671 n.
1442 639 1512 679 63.)

249 711 393 753 chart.
423 723 541 753 saec.
572 711 665 753 XV
674 711 736 766 ff
768 711 849 752 261
885 723 1023 755 num„
1055 710 1113 750 22
1131 711 1182 762 ><
1201 711 1260 751 15
1288 722 1372 750 cm.
1407 711 1429 750 Ι
1463 722 1523 750 m.
1557 722 1660 750 cum
1692 710 1785 749 init.
1812 709 1914 762 pict.

247 792 503 835 Eberhardi
530 792 727 844 Hispani
757 791 1028 833 Priscianus
1059 791 1282 832 metricus
1314 802 1400 831 seu
1432 791 1590 842 potius
1606 791 1735 831 Petri
1755 791 1882 831 Eliae
1916 791 1989 842 (z
2008 790 2132 831 Petri

250 851 306 893 de
365 851 499 903 Riga)
551 849 926 893 Commentarius
976 849 1203 890 Prisciani
1263 848 1561 890 versificatus
1622 860 1729 889 cum
1789 848 2131 892 commentario

1057 908 1315 959 marginali.

394 978 423 1018 f.
454 977 585 1019 I--VI
616 990 717 1018 non.
751 989 871 1018 num.
905 977 1149 1028 Registrum
1183 980 1340 1028 operis.

394 1036 422 1077 f.
460 1036 504 1076 1⁸
533 1035 691 1087 (Incipit
723 1039 952 1083 comment.)
988 1034 1079 1075 »Ex
1112 1046 1200 1086 quo
1223 1035 1328 1074 liber
1345 1046 1529 1086 presens
1549 1037 1636 1085 agit
1654 1035 1706 1073 de
1731 1037 2042 1085 grammatica«
2067 1069 2073 1074 .
2097 1066 2103 1071 .
2125 1068 2131 1073 .

393 1105 422 1146 f.
454 1103 503 1145 2b
534 1107 692 1155 (Incipit
737 1107 857 1146 Prisc.
905 1108 1034 1152 metr.)
1080 1103 1228 1144 »Sicut
1274 1105 1436 1144 abesse
1479 1107 1536 1144 rei
1570 1104 1683 1144 soliti
1716 1116 1806 1143 rem
1841 1116 2038 1156 promere
2072 1105 2132 1143 di-

250 1167 381 1205 cunt«
421 1171 467 1213 ><
501 1163 528 1206 f.
562 1162 669 1203 261³
698 1165 830 1212 (Expl.
864 1165 1001 1210 metra)
1038 1163 1144 1202 »hec
1177 1165 1219 1202 in
1241 1161 1417 1214 Virgilio
1438 1165 1717 1214 reperimus«
1745 1164 1876 1212 (Expl.
1902 1165 2134 1211 comment.)

253 1225 323 1262 »et
352 1221 543 1262 similiter
573 1220 616 1261 in
648 1222 780 1261 litera.
813 1220 868 1260 Et
899 1224 1066 1260 tantum
1100 1223 1155 1260 sit
1186 1221 1349 1260 dictum
1383 1233 1459 1272 pro
1492 1223 1719 1272 presenti«

399 1292 699 1340 Monogramma
730 1294 974 1339 possessoris
1007 1303 1111 1329 saec.
1144 1292 1218 1328 XV
1249 1292 1302 1330 M.
1337 1292 1618 1329 Wenceslaum
1651 1292 1877 1329 Korandam
1912 1293 2135 1339 significare

251 1351 416 1390 videtur.
447 1350 572 1388 Vetus
603 1354 705 1398 sign.
738 1351 783 1396 D,
824 1351 886 1389 16.

390 1463 498 1517 698
871 1465 963 1514 IV.
1003 1465 1059 1514 E.
1097 1463 1180 1513 18.
1220 1475 1280 1516 (Y.
1307 1475 1335 1508 Ι.
1360 1475 1393 1509 2.
1420 1486 1454 1510 n.
1478 1477 1550 1517 57.)

252 1545 396 1586 chart.
427 1557 541 1587 saec.
573 1544 667 1586 XV
693 1545 822 1598 (pars
852 1559 894 1586 α.
926 1547 1060 1596 1448)
1085 1547 1136 1601 ff.
1168 1547 1255 1588 327
1287 1559 1427 1598 num„
1459 1547 1512 1587 21
1534 1547 1663 1598 ><15
1695 1558 1777 1587 cm.
1811 1547 1850 1586 d.
1884 1559 1945 1587 m.

396 1615 424 1656 f.
463 1615 655 1656 1—1932
685 1618 899 1666 (anepigr.)
943 1617 1178 1658 Johannis
1209 1617 1265 1658 de
1296 1617 1454 1658 Balbis
1494 1617 1749 1658 Januensis
1790 1616 2017 1657 Prosodia
2048 1627 2133 1657 seu

252 1672 541 1715 catholicon.
581 1674 815 1714 »Prosodia
846 1676 1036 1726 quedam
1070 1687 1172 1727 pars
1203 1679 1485 1727 grammatice
1517 1679 1818 1726 nuncupatur«
1855 1676 1897 1712 ><
1934 1676 2055 1715 »vide
2088 1678 2131 1714 in

254 1743 338 1772 suo
369 1732 466 1772 loco
499 1732 553 1772 de
586 1732 806 1784 pen'odus.
838 1733 894 1773 Et
926 1736 989 1773 sic
1021 1738 1090 1773 est
1121 1733 1222 1773 finis
1255 1734 1386 1773 huius
1419 1737 1605 1785 operis«

399 1790 429 1830 f.
466 1789 684 1830 194-201
722 1802 865 1831 vacua
901 1796 1017 1831 sunt.
1143 1837 1145 1839 ¹

397 1848 424 1888 f.
458 1848 725 1889 202⁸—308·
771 1848 983 1901 (anepigr.)
1023 1849 1267 1890 Tractatus
1316 1850 1372 1890 de
1419 1849 1570 1890 modis
1617 1848 1911 1901 significandi
1953 1848 2013 1900 (in
2046 1849 2132 1889 fine

253 1911 468 1953 maneus).
507 1906 753 1958 »Quoniam
786 1911 932 1947 autem
963 1909 1196 1960 intelligere
1230 1912 1273 1948 et
1315 1911 1426 1947 scire
1455 1911 1685 1959 contingit«
1715 1908 1758 1945 ><
1779 1906 1849 1947 »Si
1882 1912 2027 1947 autem
2060 1907 2132 1946 de-

254 1967 504 2006 terminacio
536 1965 775 2005 indelebilis
807 1965 978 2005 addita«
1014 1965 1190 2014 (Cetera
1222 1966 1528 2005 desiderantur
1560 1966 1846 2018 sequentibus
1877 1966 2041 2018 aliquot
2061 1964 2130 2004 fol.

253 2025 420 2064 vacuis.
464 2021 590 2075 Opus
632 2023 717 2063 hoc
760 2026 803 2063 in
844 2023 942 2064 cod.
977 2023 1038 2064 ΙΙΙ.
1073 2024 1125 2063 Α.
1157 2024 1184 2063 5
1223 2047 1267 2052 -
1305 2028 1348 2064 et
1379 2025 1479 2063 alibi
1522 2024 1574 2064 cf.
1610 2022 1774 2064 Schum
1810 2047 1861 2052 —
1894 2023 2135 2063 attribuitur

255 2079 459 2122 ‘rhomae
489 2080 791 2133 grammatico
823 2081 1148 2133 Erfordiensi).

396 2138 425 2179 f.
456 2138 730 2179 309⁸—327a
761 2137 879 2191 Mag.
901 2139 1103 2180 Thomae
1119 2139 1434 2180 Erfordiensis
1450 2139 1692 2180 Tractatus
1710 2141 1765 2180 de
1783 2138 2132 2180 constructione

253 2195 457 2248 partium
503 2197 729 2238 orationis
776 2197 824 2237 in
865 2209 916 2238 se
950 2201 996 2238 et
1041 2198 1143 2238 suis
1174 2197 1385 2249 partibus
1427 2209 1534 2239 cum
1565 2198 1691 2239 notis
1724 2197 2054 2249 marginalibus
2087 2200 2133 2237 et

254 2253 645 2296 interlinearibus.
683 2255 772 2295 »Ad
804 2257 1166 2307 cognoscendum
1199 2260 1399 2296 naturam
1432 2259 1807 2296 construccionis‹
1845 2258 1887 2294 ><
1924 2255 2134 2307 »Explicit

256 2316 403 2352 textus
448 2311 619 2353 Thome
668 2313 961 2354 Erfordiensis
1009 2314 1156 2354 finitus
1204 2326 1280 2366 per
1322 2326 1391 2354 me
1425 2313 1661 2366 Gmuigroe
1695 2315 1771 2365 (z
1789 2313 2060 2365 Georgium)
2093 2316 2135 2353 et

257 2370 341 2411 hoc
388 2371 485 2410 sub.
516 2382 555 2412 a.
589 2371 629 2411 d.
667 2371 776 2412 1448
809 2377 935 2412 sexta
981 2372 1055 2413 ser.
1099 2376 1200 2424 post
1231 2372 1391 2412 festum
1425 2376 1751 2424 assumpcionis
1785 2384 1820 2412 s.
1854 2371 2013 2411 Man‘e«
2048 2404 2056 2411 .
2084 2402 2093 2411 .
2122 2403 2130 2411 .

403 2441 606 2489 Operculis
638 2443 811 2489 adligata
842 2448 879 2479 et
910 2444 1154 2489 adglutinata
1186 2449 1278 2480 sunt
1310 2444 1525 2490 fragmenta
1558 2445 1769 2480 membran.
1803 2445 1890 2480 cod.
1924 2444 2132 2479 cuiusdam

256 2499 465 2546 theologici
498 2510 602 2536 saec.
634 2499 738 2545 XIV,
770 2503 810 2537 in
841 2502 984 2548 quibus
1016 2506 1053 2538 et
1084 2502 1123 2538 in
1145 2502 1209 2538 fol.
1243 2503 1364 2539 chart.
1388 2502 1525 2538 ultimo
1558 2513 1637 2539 non
1660 2513 1767 2541 num.
1790 2503 1938 2549 passim
1961 2502 2130 2537 occurrit

260 2568 296 2594 a.
334 2557 455 2596 1451.
487 2557 610 2594 Vetus
642 2559 742 2605 sign.
776 2559 859 2596 libr.
895 2559 1025 2599 Carol.
1060 2559 1099 2601 S,
1135 2560 1172 2604 8,
1205 2559 1251 2598 K.

397 2669 502 2723 699
851 2673 941 2721 IV.
983 2673 1040 2722 E.
1079 2673 1160 2721 19.
1189 2683 1246 2723 (Y.
1274 2684 1301 2717 l.
1327 2685 1358 2717 2.
1385 2694 1418 2716 n.
1444 2685 1516 2723 31.)

258 2751 562 2863 qh3r2·.{aec.
603 2752 695 2793 XV
731 2756 793 2805 (a.
835 2754 1006 2800 1455.?)
1035 2754 1100 2806 ff
1148 2755 1235 2796 298
1264 2767 1403 2805 num„
1449 2756 1502 2795 21
1526 2755 1696 2805 ><15·5
1733 2766 1816 2794 cm.
1861 2754 1883 2794 1
1928 2765 1987 2794 m.
2032 2765 2133 2794 cum

259 2821 353 2850 zm.
413 2821 479 2850 tc.

258 2890 530 2932 Aristotelis
570 2891 918 2944 Metaphysicae
964 2893 1068 2934 libri
1110 2893 1192 2934 XII
1232 2905 1339 2935 cum
1386 2894 1511 2934 notis
1544 2892 1878 2944 marginalibus
1911 2895 1960 2932 et
1992 2892 2137 2932 inter-

694 2950 947 2992 linearibus
978 2951 1096 3003 Mag.
1128 2952 1318 2992 Martini
1351 2953 1406 2992 de
1438 2947 1690 3002 Horepm'k.

404 3018 432 3058 f.
471 3019 604 3059 1—12
636 3019 765 3060 Varia
796 3026 999 3073 excerpta
1030 3022 1085 3061 ad
1118 3021 1466 3074 Metaphysicam
1499 3023 1740 3072 spectantia
1770 3022 1845 3069 (ex
1866 3019 1962 3060 Joh.
2004 3019 2130 3060 Duns

262 3074 409 3123 Scoto‚
441 3075 618 3117 Nicolao
650 3078 831 3127 Boneto‚
864 3079 897 3118 F
899 3083 1097 3119 rancisco
1130 3079 1386 3132 Mayronis).

406 3145 433 3185 s.
472 3145 542 3185 13²
581 3145 773 3188 »Omnes
819 3149 1019 3189 homines
1067 3154 1221 3190 natura
1253 3153 1363 3189 scire
1397 3135 1671 3189 desiderant«
1708 3150 1750 3186 ><
1783 3148 1811 3188 f.
1845 3148 1952 3188 298²
1992 3159 2132 3187 »unus

261 3215 364 3254 ergo
397 3206 636 3255 princeps«
672 3206 758 3254 (Ad
790 3207 955 3247 calcem
973 3211 1000 3255 :)
1037 3207 1111 3246 »A.
1150 3206 1258 3248 1455
1292 3209 1372 3259 legi
1405 3213 1447 3247 et
1480 3208 1669 3246 breviter
1699 3209 1969 3258 comportavi
2004 3217 2136 3256 super

263 3262 345 3301 hac
378 3262 683 3314 metaphysica
712 3262 830 3314 Mag.
862 3264 1090 3305 Martinus
1121 3265 1427 3317 Horzepnik.«

1164 3414 1231 3446 279
