<?xml version="1.0" encoding="UTF-8"?>
<!DOCTYPE html PUBLIC "-//W3C//DTD XHTML 1.0 Transitional//EN"
    "http://www.w3.org/TR/xhtml1/DTD/xhtml1-transitional.dtd">
<html xmlns="http://www.w3.org/1999/xhtml" xml:lang="en" lang="en">
 <head>
  <title>
</title>
<meta http-equiv="Content-Type" content="text/html;charset=utf-8" />
  <meta name='ocr-system' content='tesseract 3.04.00' />
  <meta name='ocr-capabilities' content='ocr_page ocr_carea ocr_par ocr_line ocrx_word'/>
</head>
<body>
  <div class='ocr_page' id='page_1' title='image "./cataloguscodicum01praguoft_0009.png"; bbox 0 0 2476 3782; ppageno 0'>
   <div class='ocr_carea' id='block_1_1' title="bbox 2146 244 2174 275">
    <p class='ocr_par' dir='ltr' id='par_1_1' title="bbox 2146 244 2174 275">
     <span class='ocr_line' id='line_1_1' title="bbox 2146 244 2174 275; baseline 0 0"><span class='ocrx_word' id='word_1_1' title='bbox 2146 244 2174 275; x_wconf 96' lang='lat' dir='ltr'>V</span> 
     </span>
    </p>
   </div>
   <div class='ocr_carea' id='block_1_2' title="bbox 262 373 2177 1739">
    <p class='ocr_par' dir='ltr' id='par_1_2' title="bbox 262 373 2177 1739">
     <span class='ocr_line' id='line_1_2' title="bbox 305 373 2173 431; baseline 0.004 -15"><span class='ocrx_word' id='word_1_2' title='bbox 305 379 456 425; x_wconf 88' lang='lat' dir='ltr'>arium,</span> <span class='ocrx_word' id='word_1_3' title='bbox 504 376 622 428; x_wconf 91' lang='lat' dir='ltr'>quod</span> <span class='ocrx_word' id='word_1_4' title='bbox 654 375 807 416; x_wconf 90' lang='lat' dir='ltr'>dicitur</span> <span class='ocrx_word' id='word_1_5' title='bbox 846 373 1187 428; x_wconf 68' lang='lat' dir='ltr'>Vysehradense</span> <span class='ocrx_word' id='word_1_6' title='bbox 1233 380 1293 426; x_wconf 88' lang='lat' dir='ltr'>(n.</span> <span class='ocrx_word' id='word_1_7' title='bbox 1340 377 1486 431; x_wconf 86' lang='lat'>2426),</span> <span class='ocrx_word' id='word_1_8' title='bbox 1534 391 1649 420; x_wconf 90' lang='lat' dir='ltr'>saec.</span> <span class='ocrx_word' id='word_1_9' title='bbox 1696 379 1754 420; x_wconf 91' lang='lat' dir='ltr'>XI</span> <span class='ocrx_word' id='word_1_10' title='bbox 1801 393 1867 421; x_wconf 83' lang='lat' dir='ltr'>ex.</span> <span class='ocrx_word' id='word_1_11' title='bbox 1916 385 2173 424; x_wconf 80' lang='lat' dir='ltr'>nitidissime</span> 
     </span>
     <span class='ocr_line' id='line_1_3' title="bbox 304 445 2172 501; baseline 0.005 -16"><span class='ocrx_word' id='word_1_12' title='bbox 304 448 543 494; x_wconf 85' lang='lat' dir='ltr'>exaratum,</span> <span class='ocrx_word' id='word_1_13' title='bbox 591 445 710 497; x_wconf 91' lang='lat' dir='ltr'>quod</span> <span class='ocrx_word' id='word_1_14' title='bbox 740 449 1026 486; x_wconf 87' lang='lat' dir='ltr'>asseverante</span> <span class='ocrx_word' id='word_1_15' title='bbox 1048 460 1051 464; x_wconf 41' lang='lat'>⁸</span> <span class='ocrx_word' id='word_1_16' title='bbox 1072 446 1312 487; x_wconf 87' lang='lat' dir='ltr'>honorabili</span> <span class='ocrx_word' id='word_1_17' title='bbox 1343 450 1435 488; x_wconf 89' lang='lat' dir='ltr'>viro</span> <span class='ocrx_word' id='word_1_18' title='bbox 1467 452 1683 501; x_wconf 90' lang='lat' dir='ltr'>monsign.</span> <span class='ocrx_word' id='word_1_19' title='bbox 1731 449 1765 489; x_wconf 88' lang='lat' dir='ltr'>F</span> <span class='ocrx_word' id='word_1_20' title='bbox 1769 451 1856 491; x_wconf 89' lang='lat' dir='ltr'>erd.</span> <span class='ocrx_word' id='word_1_21' title='bbox 1906 451 2073 493; x_wconf 90' lang='lat' dir='ltr'>Lehner</span> <span class='ocrx_word' id='word_1_22' title='bbox 2118 466 2172 494; x_wconf 86' lang='lat' dir='ltr'>ex</span> 
     </span>
     <span class='ocr_line' id='line_1_4' title="bbox 304 513 2173 572; baseline 0.004 -17"><span class='ocrx_word' id='word_1_23' title='bbox 304 514 482 556; x_wconf 85' lang='lat' dir='ltr'>officina</span> <span class='ocrx_word' id='word_1_24' title='bbox 526 517 777 555; x_wconf 90' lang='lat' dir='ltr'>monasterii</span> <span class='ocrx_word' id='word_1_25' title='bbox 824 513 1106 555; x_wconf 77' lang='lat' dir='ltr'>sazaviensis</span> <span class='ocrx_word' id='word_1_26' title='bbox 1152 527 1190 556; x_wconf 89' lang='lat' dir='ltr'>a.</span> <span class='ocrx_word' id='word_1_27' title='bbox 1246 517 1347 556; x_wconf 93' lang='lat' dir='ltr'>142l</span> <span class='ocrx_word' id='word_1_28' title='bbox 1394 529 1421 557; x_wconf 92' lang='lat' dir='ltr'>a</span> <span class='ocrx_word' id='word_1_29' title='bbox 1450 517 1619 558; x_wconf 91' lang='lat' dir='ltr'>Husitis</span> <span class='ocrx_word' id='word_1_30' title='bbox 1669 519 1793 559; x_wconf 91' lang='lat' dir='ltr'>diruti</span> <span class='ocrx_word' id='word_1_31' title='bbox 1841 520 2047 572; x_wconf 85' lang='lat' dir='ltr'>prodiit‚⁵)</span> <span class='ocrx_word' id='word_1_32' title='bbox 2095 523 2173 562; x_wconf 90' lang='lat' dir='ltr'>sed</span> 
     </span>
     <span class='ocr_line' id='line_1_5' title="bbox 304 583 2175 637; baseline 0.004 -14"><span class='ocrx_word' id='word_1_33' title='bbox 304 584 434 624; x_wconf 90' lang='lat' dir='ltr'>nobis</span> <span class='ocrx_word' id='word_1_34' title='bbox 462 583 636 624; x_wconf 84' lang='lat' dir='ltr'>aliunde</span> <span class='ocrx_word' id='word_1_35' title='bbox 679 584 840 635; x_wconf 87' lang='lat' dir='ltr'>obtigit.</span> <span class='ocrx_word' id='word_1_36' title='bbox 902 583 969 625; x_wconf 83' lang='lat' dir='ltr'>Ex</span> <span class='ocrx_word' id='word_1_37' title='bbox 1010 588 1277 625; x_wconf 87' lang='lat' dir='ltr'>monasterio</span> <span class='ocrx_word' id='word_1_38' title='bbox 1319 585 1632 637; x_wconf 88' lang='lat' dir='ltr'>Opatovicensi</span> <span class='ocrx_word' id='word_1_39' title='bbox 1674 589 1830 629; x_wconf 91' lang='lat' dir='ltr'>eodem</span> <span class='ocrx_word' id='word_1_40' title='bbox 1874 601 1991 630; x_wconf 86' lang='lat' dir='ltr'>anno</span> <span class='ocrx_word' id='word_1_41' title='bbox 2022 603 2049 630; x_wconf 87' lang='lat' dir='ltr'>a</span> <span class='ocrx_word' id='word_1_42' title='bbox 2080 592 2175 632; x_wconf 88' lang='lat' dir='ltr'>Pra-</span> 
     </span>
     <span class='ocr_line' id='line_1_6' title="bbox 302 653 2176 708; baseline 0.004 -15"><span class='ocrx_word' id='word_1_43' title='bbox 302 653 514 705; x_wconf 86' lang='lat' dir='ltr'>gensibus</span> <span class='ocrx_word' id='word_1_44' title='bbox 545 656 716 701; x_wconf 88' lang='lat' dir='ltr'>exusto,</span> <span class='ocrx_word' id='word_1_45' title='bbox 750 658 962 706; x_wconf 89' lang='lat' dir='ltr'>quantum</span> <span class='ocrx_word' id='word_1_46' title='bbox 995 656 1145 702; x_wconf 89' lang='lat' dir='ltr'>sciam,</span> <span class='ocrx_word' id='word_1_47' title='bbox 1178 657 1355 695; x_wconf 91' lang='lat' dir='ltr'>unicum</span> <span class='ocrx_word' id='word_1_48' title='bbox 1390 656 1675 698; x_wconf 86' lang='lat' dir='ltr'>homiliarium</span> <span class='ocrx_word' id='word_1_49' title='bbox 1718 670 1832 699; x_wconf 88' lang='lat' dir='ltr'>saec.</span> <span class='ocrx_word' id='word_1_50' title='bbox 1866 659 1940 699; x_wconf 94' lang='lat' dir='ltr'>XII</span> <span class='ocrx_word' id='word_1_51' title='bbox 1972 663 2032 708; x_wconf 91' lang='lat' dir='ltr'>(n.</span> <span class='ocrx_word' id='word_1_52' title='bbox 2067 661 2176 701; x_wconf 71' lang='lat'>5091</span> 
     </span>
     <span class='ocr_line' id='line_1_7' title="bbox 305 722 2177 780; baseline 0.004 -18"><span class='ocrx_word' id='word_1_53' title='bbox 305 722 532 763; x_wconf 73' lang='lat' dir='ltr'>habemus.</span> <span class='ocrx_word' id='word_1_54' title='bbox 594 722 662 763; x_wconf 89' lang='lat' dir='ltr'>Ex</span> <span class='ocrx_word' id='word_1_55' title='bbox 694 723 954 764; x_wconf 85' lang='lat' dir='ltr'>bibliotheca</span> <span class='ocrx_word' id='word_1_56' title='bbox 999 724 1264 764; x_wconf 86' lang='lat' dir='ltr'>celeberrimi</span> <span class='ocrx_word' id='word_1_57' title='bbox 1296 726 1494 766; x_wconf 91' lang='lat' dir='ltr'>coenobii</span> <span class='ocrx_word' id='word_1_58' title='bbox 1525 727 1663 767; x_wconf 88' lang='lat' dir='ltr'>Aulae</span> <span class='ocrx_word' id='word_1_59' title='bbox 1696 727 1854 780; x_wconf 85' lang='lat' dir='ltr'>Regiae</span> <span class='ocrx_word' id='word_1_60' title='bbox 1885 740 1926 768; x_wconf 88' lang='lat' dir='ltr'>a.</span> <span class='ocrx_word' id='word_1_61' title='bbox 1966 729 2075 770; x_wconf 87' lang='lat'>1420</span> <span class='ocrx_word' id='word_1_62' title='bbox 2105 742 2177 770; x_wconf 84' lang='lat' dir='ltr'>ex-</span> 
     </span>
     <span class='ocr_line' id='line_1_8' title="bbox 305 791 2172 850; baseline 0.005 -19"><span class='ocrx_word' id='word_1_63' title='bbox 305 793 424 831; x_wconf 85' lang='lat' dir='ltr'>tincti</span> <span class='ocrx_word' id='word_1_64' title='bbox 454 791 534 831; x_wconf 90' lang='lat' dir='ltr'>sed</span> <span class='ocrx_word' id='word_1_65' title='bbox 566 796 721 844; x_wconf 91' lang='lat' dir='ltr'>postea</span> <span class='ocrx_word' id='word_1_66' title='bbox 750 796 976 834; x_wconf 90' lang='lat' dir='ltr'>instaurati</span> <span class='ocrx_word' id='word_1_67' title='bbox 1007 805 1062 834; x_wconf 91' lang='lat' dir='ltr'>ne</span> <span class='ocrx_word' id='word_1_68' title='bbox 1093 794 1196 834; x_wconf 91' lang='lat' dir='ltr'>illud</span> <span class='ocrx_word' id='word_1_69' title='bbox 1239 794 1415 846; x_wconf 91' lang='lat' dir='ltr'>quidem</span> <span class='ocrx_word' id='word_1_70' title='bbox 1448 796 1674 836; x_wconf 91' lang='lat' dir='ltr'>bibliorum</span> <span class='ocrx_word' id='word_1_71' title='bbox 1707 809 1867 850; x_wconf 91' lang='lat' dir='ltr'>corpus</span> <span class='ocrx_word' id='word_1_72' title='bbox 1901 800 2172 840; x_wconf 90' lang='lat' dir='ltr'>membrana-</span> 
     </span>
     <span class='ocr_line' id='line_1_9' title="bbox 300 863 2171 916; baseline 0.005 -16"><span class='ocrx_word' id='word_1_73' title='bbox 300 868 430 900; x_wconf 87' lang='lat' dir='ltr'>ceum</span> <span class='ocrx_word' id='word_1_74' title='bbox 477 871 557 901; x_wconf 86' lang='lat' dir='ltr'>sex</span> <span class='ocrx_word' id='word_1_75' title='bbox 598 865 830 911; x_wconf 85' lang='lat' dir='ltr'>tomorum,</span> <span class='ocrx_word' id='word_1_76' title='bbox 878 863 996 914; x_wconf 84' lang='lat' dir='ltr'>quod</span> <span class='ocrx_word' id='word_1_77' title='bbox 1027 867 1075 904; x_wconf 91' lang='lat' dir='ltr'>ut</span> <span class='ocrx_word' id='word_1_78' title='bbox 1105 865 1329 915; x_wconf 88' lang='lat' dir='ltr'>pristinam</span> <span class='ocrx_word' id='word_1_79' title='bbox 1374 866 1682 916; x_wconf 89' lang='lat' dir='ltr'>supellectilem</span> <span class='ocrx_word' id='word_1_80' title='bbox 1732 868 1935 908; x_wconf 89' lang='lat' dir='ltr'>monachi</span> <span class='ocrx_word' id='word_1_81' title='bbox 1975 880 2013 908; x_wconf 90' lang='lat' dir='ltr'>a.</span> <span class='ocrx_word' id='word_1_82' title='bbox 2066 869 2171 909; x_wconf 91' lang='lat'>1447</span> 
     </span>
     <span class='ocr_line' id='line_1_10' title="bbox 299 930 2171 987; baseline 0.004 -17"><span class='ocrx_word' id='word_1_83' title='bbox 299 939 329 969; x_wconf 43' lang='lat' dir='ltr'>*a</span> <span class='ocrx_word' id='word_1_84' title='bbox 374 930 610 982; x_wconf 83' lang='lat' dir='ltr'>collegiatis</span> <span class='ocrx_word' id='word_1_85' title='bbox 665 930 950 973; x_wconf 85' lang='lat' dir='ltr'>Nazaretanis</span> <span class='ocrx_word' id='word_1_86' title='bbox 1006 933 1290 983; x_wconf 89' lang='lat' dir='ltr'>redemerant,</span> <span class='ocrx_word' id='word_1_87' title='bbox 1346 935 1402 974; x_wconf 89' lang='lat' dir='ltr'>ad</span> <span class='ocrx_word' id='word_1_88' title='bbox 1449 946 1532 975; x_wconf 91' lang='lat' dir='ltr'>nos</span> <span class='ocrx_word' id='word_1_89' title='bbox 1578 939 1782 987; x_wconf 91' lang='lat' dir='ltr'>pervenit.</span> <span class='ocrx_word' id='word_1_90' title='bbox 1845 936 1912 977; x_wconf 88' lang='lat' dir='ltr'>Ex</span> <span class='ocrx_word' id='word_1_91' title='bbox 1957 937 2171 978; x_wconf 89' lang='lat' dir='ltr'>Insulensi</span> 
     </span>
     <span class='ocr_line' id='line_1_11' title="bbox 300 1001 2166 1058; baseline 0.004 -19"><span class='ocrx_word' id='word_1_92' title='bbox 300 1003 569 1040; x_wconf 87' lang='lat' dir='ltr'>monasterio</span> <span class='ocrx_word' id='word_1_93' title='bbox 600 1012 638 1041; x_wconf 91' lang='lat' dir='ltr'>a.</span> <span class='ocrx_word' id='word_1_94' title='bbox 677 1001 787 1042; x_wconf 88' lang='lat'>1420</span> <span class='ocrx_word' id='word_1_95' title='bbox 818 1002 958 1043; x_wconf 91' lang='lat' dir='ltr'>diruto</span> <span class='ocrx_word' id='word_1_96' title='bbox 1005 1007 1209 1056; x_wconf 89' lang='lat' dir='ltr'>perpauci</span> <span class='ocrx_word' id='word_1_97' title='bbox 1255 1005 1446 1054; x_wconf 88' lang='lat' dir='ltr'>codices,</span> <span class='ocrx_word' id='word_1_98' title='bbox 1493 1008 1541 1045; x_wconf 91' lang='lat' dir='ltr'>ut</span> <span class='ocrx_word' id='word_1_99' title='bbox 1571 1017 1625 1046; x_wconf 88' lang='lat' dir='ltr'>ex</span> <span class='ocrx_word' id='word_1_100' title='bbox 1656 1006 1797 1046; x_wconf 89' lang='lat' dir='ltr'>indice</span> <span class='ocrx_word' id='word_1_101' title='bbox 1845 1007 2018 1058; x_wconf 75' lang='lat' dir='ltr'>patebit,</span> <span class='ocrx_word' id='word_1_102' title='bbox 2065 1019 2166 1047; x_wconf 92' lang='lat' dir='ltr'>cum</span> 
     </span>
     <span class='ocr_line' id='line_1_12' title="bbox 302 1068 2168 1127; baseline 0.005 -19"><span class='ocrx_word' id='word_1_103' title='bbox 302 1068 419 1110; x_wconf 83' lang='lat' dir='ltr'>libris</span> <span class='ocrx_word' id='word_1_104' title='bbox 450 1074 702 1111; x_wconf 90' lang='lat' dir='ltr'>monasterii</span> <span class='ocrx_word' id='word_1_105' title='bbox 734 1083 769 1112; x_wconf 91' lang='lat' dir='ltr'>s.</span> <span class='ocrx_word' id='word_1_106' title='bbox 801 1072 1014 1113; x_wconf 90' lang='lat' dir='ltr'>Johannis</span> <span class='ocrx_word' id='word_1_107' title='bbox 1065 1075 1174 1114; x_wconf 86' lang='lat' dir='ltr'>»sub</span> <span class='ocrx_word' id='word_1_108' title='bbox 1205 1086 1336 1127; x_wconf 82' lang='lat' dir='ltr'>rupe«</span> <span class='ocrx_word' id='word_1_109' title='bbox 1372 1076 1500 1115; x_wconf 90' lang='lat' dir='ltr'>nobis</span> <span class='ocrx_word' id='word_1_110' title='bbox 1532 1076 1788 1127; x_wconf 84' lang='lat' dir='ltr'>obtigerunt.</span> <span class='ocrx_word' id='word_1_111' title='bbox 1836 1076 1871 1116; x_wconf 90' lang='lat' dir='ltr'>E</span> <span class='ocrx_word' id='word_1_112' title='bbox 1903 1080 2168 1117; x_wconf 87' lang='lat' dir='ltr'>monasterio</span> 
     </span>
     <span class='ocr_line' id='line_1_13' title="bbox 300 1140 2169 1196; baseline 0.004 -18"><span class='ocrx_word' id='word_1_113' title='bbox 300 1141 449 1179; x_wconf 82' lang='lat' dir='ltr'>autem</span> <span class='ocrx_word' id='word_1_114' title='bbox 481 1141 732 1181; x_wconf 87' lang='lat' dir='ltr'>monialium</span> <span class='ocrx_word' id='word_1_115' title='bbox 765 1153 800 1181; x_wconf 90' lang='lat' dir='ltr'>s.</span> <span class='ocrx_word' id='word_1_116' title='bbox 834 1140 1008 1194; x_wconf 88' lang='lat' dir='ltr'>Georgii</span> <span class='ocrx_word' id='word_1_117' title='bbox 1039 1146 1082 1183; x_wconf 91' lang='lat' dir='ltr'>in</span> <span class='ocrx_word' id='word_1_118' title='bbox 1114 1147 1258 1184; x_wconf 85' lang='lat' dir='ltr'>castro</span> <span class='ocrx_word' id='word_1_119' title='bbox 1305 1143 1510 1196; x_wconf 90' lang='lat' dir='ltr'>Pragensi</span> <span class='ocrx_word' id='word_1_120' title='bbox 1551 1145 1812 1185; x_wconf 88' lang='lat' dir='ltr'>luculentam</span> <span class='ocrx_word' id='word_1_121' title='bbox 1860 1146 2062 1186; x_wconf 92' lang='lat' dir='ltr'>codicum</span> <span class='ocrx_word' id='word_1_122' title='bbox 2107 1148 2169 1187; x_wconf 88' lang='lat' dir='ltr'>in-</span> 
     </span>
     <span class='ocr_line' id='line_1_14' title="bbox 302 1209 2168 1266; baseline 0.004 -18"><span class='ocrx_word' id='word_1_123' title='bbox 302 1209 452 1260; x_wconf 88' lang='lat' dir='ltr'>primis</span> <span class='ocrx_word' id='word_1_124' title='bbox 502 1209 795 1261; x_wconf 90' lang='lat' dir='ltr'>liturgicorum</span> <span class='ocrx_word' id='word_1_125' title='bbox 842 1214 1014 1263; x_wconf 91' lang='lat' dir='ltr'>copiam</span> <span class='ocrx_word' id='word_1_126' title='bbox 1060 1213 1343 1262; x_wconf 88' lang='lat' dir='ltr'>obtinuimus,</span> <span class='ocrx_word' id='word_1_127' title='bbox 1377 1225 1400 1253; x_wconf 93' lang='lat' dir='ltr'>e</span> <span class='ocrx_word' id='word_1_128' title='bbox 1433 1214 1593 1266; x_wconf 91' lang='lat' dir='ltr'>quibus</span> <span class='ocrx_word' id='word_1_129' title='bbox 1638 1214 1681 1254; x_wconf 95' lang='lat' dir='ltr'>hi</span> <span class='ocrx_word' id='word_1_130' title='bbox 1728 1217 1917 1254; x_wconf 84' lang='lat' dir='ltr'>maxime</span> <span class='ocrx_word' id='word_1_131' title='bbox 1965 1218 2168 1265; x_wconf 87' lang='lat' dir='ltr'>eminent,</span> 
     </span>
     <span class='ocr_line' id='line_1_15' title="bbox 299 1277 2167 1336; baseline 0.004 -18"><span class='ocrx_word' id='word_1_132' title='bbox 299 1288 415 1330; x_wconf 91' lang='lat' dir='ltr'>quos</span> <span class='ocrx_word' id='word_1_133' title='bbox 446 1277 732 1331; x_wconf 90' lang='lat' dir='ltr'>Cunegundis</span> <span class='ocrx_word' id='word_1_134' title='bbox 764 1281 1001 1329; x_wconf 85' lang='lat' dir='ltr'>abbatissa,</span> <span class='ocrx_word' id='word_1_135' title='bbox 1034 1279 1271 1335; x_wconf 68' lang='lat' dir='ltr'>Premyslai</span> <span class='ocrx_word' id='word_1_136' title='bbox 1304 1282 1538 1324; x_wconf 90' lang='lat' dir='ltr'>OtacariII.</span> <span class='ocrx_word' id='word_1_137' title='bbox 1573 1287 1688 1336; x_wconf 88' lang='lat' dir='ltr'>regis</span> <span class='ocrx_word' id='word_1_138' title='bbox 1710 1285 1797 1325; x_wconf 84' lang='lat' dir='ltr'>filia</span> <span class='ocrx_word' id='word_1_139' title='bbox 1829 1284 2167 1335; x_wconf 80' lang='lat'>(1302-1321)‚</span> 
     </span>
     <span class='ocr_line' id='line_1_16' title="bbox 299 1348 2171 1406; baseline 0.004 -18"><span class='ocrx_word' id='word_1_140' title='bbox 299 1348 558 1390; x_wconf 88' lang='lat' dir='ltr'>scribendos</span> <span class='ocrx_word' id='word_1_141' title='bbox 590 1352 767 1390; x_wconf 90' lang='lat' dir='ltr'>curavit.</span> <span class='ocrx_word' id='word_1_142' title='bbox 801 1351 857 1391; x_wconf 83' lang='lat' dir='ltr'>At</span> <span class='ocrx_word' id='word_1_143' title='bbox 887 1351 942 1391; x_wconf 92' lang='lat' dir='ltr'>de</span> <span class='ocrx_word' id='word_1_144' title='bbox 974 1352 1058 1392; x_wconf 93' lang='lat' dir='ltr'>hoc</span> <span class='ocrx_word' id='word_1_145' title='bbox 1090 1356 1355 1394; x_wconf 88' lang='lat' dir='ltr'>monasterio</span> <span class='ocrx_word' id='word_1_146' title='bbox 1387 1353 1497 1394; x_wconf 88' lang='lat' dir='ltr'>infra</span> <span class='ocrx_word' id='word_1_147' title='bbox 1528 1353 1740 1402; x_wconf 86' lang='lat' dir='ltr'>dicemus,</span> <span class='ocrx_word' id='word_1_148' title='bbox 1771 1366 1929 1406; x_wconf 89' lang='lat' dir='ltr'>nempe</span> <span class='ocrx_word' id='word_1_149' title='bbox 1961 1357 2029 1395; x_wconf 91' lang='lat' dir='ltr'>cui</span> <span class='ocrx_word' id='word_1_150' title='bbox 2062 1356 2171 1396; x_wconf 91' lang='lat' dir='ltr'>bella</span> 
     </span>
     <span class='ocr_line' id='line_1_17' title="bbox 300 1417 2169 1476; baseline 0.004 -19"><span class='ocrx_word' id='word_1_151' title='bbox 300 1417 356 1458; x_wconf 87' lang='lat' dir='ltr'>de</span> <span class='ocrx_word' id='word_1_152' title='bbox 388 1419 592 1470; x_wconf 89' lang='lat' dir='ltr'>religione</span> <span class='ocrx_word' id='word_1_153' title='bbox 622 1423 749 1471; x_wconf 87' lang='lat' dir='ltr'>gesta</span> <span class='ocrx_word' id='word_1_154' title='bbox 790 1425 1084 1472; x_wconf 85' lang='lat' dir='ltr'>pepercerant,</span> <span class='ocrx_word' id='word_1_155' title='bbox 1135 1422 1214 1462; x_wconf 82' lang='lat' dir='ltr'>sed</span> <span class='ocrx_word' id='word_1_156' title='bbox 1260 1425 1408 1474; x_wconf 90' lang='lat' dir='ltr'>iniqua</span> <span class='ocrx_word' id='word_1_157' title='bbox 1452 1427 1650 1475; x_wconf 86' lang='lat' dir='ltr'>tempora</span> <span class='ocrx_word' id='word_1_158' title='bbox 1696 1427 1935 1476; x_wconf 88' lang='lat' dir='ltr'>posteriora</span> <span class='ocrx_word' id='word_1_159' title='bbox 1980 1428 2169 1465; x_wconf 87' lang='lat' dir='ltr'>animam</span> 
     </span>
     <span class='ocr_line' id='line_1_18' title="bbox 298 1488 2170 1547; baseline 0.004 -19"><span class='ocrx_word' id='word_1_160' title='bbox 298 1490 588 1529; x_wconf 87' lang='lat' dir='ltr'>extinxerunt.</span> <span class='ocrx_word' id='word_1_161' title='bbox 652 1488 866 1531; x_wconf 87' lang='lat' dir='ltr'>Codicum</span> <span class='ocrx_word' id='word_1_162' title='bbox 899 1493 993 1531; x_wconf 91' lang='lat' dir='ltr'>eius</span> <span class='ocrx_word' id='word_1_163' title='bbox 1035 1491 1104 1531; x_wconf 90' lang='lat' dir='ltr'>hic</span> <span class='ocrx_word' id='word_1_164' title='bbox 1146 1495 1411 1533; x_wconf 88' lang='lat' dir='ltr'>mentionem</span> <span class='ocrx_word' id='word_1_165' title='bbox 1443 1497 1672 1545; x_wconf 89' lang='lat' dir='ltr'>propterea</span> <span class='ocrx_word' id='word_1_166' title='bbox 1701 1494 1899 1543; x_wconf 83' lang='lat' dir='ltr'>fecimus,</span> <span class='ocrx_word' id='word_1_167' title='bbox 1933 1495 2051 1547; x_wconf 91' lang='lat' dir='ltr'>quod</span> <span class='ocrx_word' id='word_1_168' title='bbox 2083 1507 2170 1534; x_wconf 87' lang='lat' dir='ltr'>ma—</span> 
     </span>
     <span class='ocr_line' id='line_1_19' title="bbox 262 1560 2167 1617; baseline 0.004 -20"><span class='ocrx_word' id='word_1_169' title='bbox 262 1611 266 1617; x_wconf 37' lang='lat'>·</span> <span class='ocrx_word' id='word_1_170' title='bbox 299 1560 463 1598; x_wconf 85' lang='lat' dir='ltr'>ximam</span> <span class='ocrx_word' id='word_1_171' title='bbox 495 1562 661 1610; x_wconf 86' lang='lat' dir='ltr'>partem</span> <span class='ocrx_word' id='word_1_172' title='bbox 694 1562 813 1611; x_wconf 89' lang='lat' dir='ltr'>prius</span> <span class='ocrx_word' id='word_1_173' title='bbox 845 1563 1009 1601; x_wconf 87' lang='lat' dir='ltr'>exarati</span> <span class='ocrx_word' id='word_1_174' title='bbox 1040 1565 1155 1611; x_wconf 90' lang='lat' dir='ltr'>sunt,</span> <span class='ocrx_word' id='word_1_175' title='bbox 1187 1573 1320 1614; x_wconf 90' lang='lat' dir='ltr'>quarn</span> <span class='ocrx_word' id='word_1_176' title='bbox 1343 1565 1538 1603; x_wconf 89' lang='lat' dir='ltr'>instituta</span> <span class='ocrx_word' id='word_1_177' title='bbox 1559 1567 1627 1604; x_wconf 92' lang='lat' dir='ltr'>est</span> <span class='ocrx_word' id='word_1_178' title='bbox 1647 1566 1907 1604; x_wconf 88' lang='lat' dir='ltr'>universitas</span> <span class='ocrx_word' id='word_1_179' title='bbox 1926 1564 2167 1616; x_wconf 89' lang='lat' dir='ltr'>Pragensis,</span> 
     </span>
     <span class='ocr_line' id='line_1_20' title="bbox 300 1628 2170 1686; baseline 0.003 -18"><span class='ocrx_word' id='word_1_180' title='bbox 300 1628 355 1668; x_wconf 87' lang='lat' dir='ltr'>de</span> <span class='ocrx_word' id='word_1_181' title='bbox 385 1630 512 1669; x_wconf 89' lang='lat' dir='ltr'>cuius</span> <span class='ocrx_word' id='word_1_182' title='bbox 545 1629 902 1670; x_wconf 86' lang='lat' dir='ltr'>bibliothecarum</span> <span class='ocrx_word' id='word_1_183' title='bbox 936 1633 1127 1682; x_wconf 90' lang='lat' dir='ltr'>pristinis</span> <span class='ocrx_word' id='word_1_184' title='bbox 1175 1632 1391 1672; x_wconf 90' lang='lat' dir='ltr'>thesauris</span> <span class='ocrx_word' id='word_1_185' title='bbox 1423 1636 1466 1672; x_wconf 90' lang='lat' dir='ltr'>et</span> <span class='ocrx_word' id='word_1_186' title='bbox 1496 1634 1800 1685; x_wconf 90' lang='lat' dir='ltr'>praesentibus</span> <span class='ocrx_word' id='word_1_187' title='bbox 1834 1634 2021 1686; x_wconf 89' lang='lat' dir='ltr'>reliquiis</span> <span class='ocrx_word' id='word_1_188' title='bbox 2053 1643 2170 1673; x_wconf 89' lang='lat' dir='ltr'>nunc</span> 
     </span>
     <span class='ocr_line' id='line_1_21' title="bbox 299 1697 653 1739; baseline 0.003 -1"><span class='ocrx_word' id='word_1_189' title='bbox 299 1697 452 1738; x_wconf 85' lang='lat' dir='ltr'>dicturi</span> <span class='ocrx_word' id='word_1_190' title='bbox 484 1709 653 1739; x_wconf 88' lang='lat' dir='ltr'>sumus.</span> 
     </span>
    </p>
   </div>
   <div class='ocr_carea' id='block_1_3' title="bbox 297 1794 2172 2465">
    <p class='ocr_par' dir='ltr' id='par_1_3' title="bbox 297 1794 2172 2465">
     <span class='ocr_line' id='line_1_22' title="bbox 392 1794 2170 1855; baseline 0.003 -19"><span class='ocrx_word' id='word_1_191' title='bbox 392 1832 394 1834; x_wconf 74' lang='grc'><strong>,</strong></span> <span class='ocrx_word' id='word_1_192' title='bbox 439 1794 761 1837; x_wconf 88' lang='lat' dir='ltr'>Convertamus</span> <span class='ocrx_word' id='word_1_193' title='bbox 793 1799 919 1849; x_wconf 86' lang='lat' dir='ltr'>igitur</span> <span class='ocrx_word' id='word_1_194' title='bbox 963 1801 1158 1840; x_wconf 90' lang='lat' dir='ltr'>animum</span> <span class='ocrx_word' id='word_1_195' title='bbox 1191 1801 1247 1840; x_wconf 92' lang='lat' dir='ltr'>ad</span> <span class='ocrx_word' id='word_1_196' title='bbox 1294 1801 1491 1853; x_wconf 89' lang='lat' dir='ltr'>insignes</span> <span class='ocrx_word' id='word_1_197' title='bbox 1538 1801 1695 1851; x_wconf 90' lang='lat' dir='ltr'>fontes,</span> <span class='ocrx_word' id='word_1_198' title='bbox 1729 1815 1752 1843; x_wconf 91' lang='lat' dir='ltr'>e</span> <span class='ocrx_word' id='word_1_199' title='bbox 1785 1803 1943 1855; x_wconf 90' lang='lat' dir='ltr'>quibus</span> <span class='ocrx_word' id='word_1_200' title='bbox 1991 1804 2170 1842; x_wconf 90' lang='lat' dir='ltr'>interce-</span> 
     </span>
     <span class='ocr_line' id='line_1_23' title="bbox 301 1864 2171 1924; baseline 0.002 -17"><span class='ocrx_word' id='word_1_201' title='bbox 301 1865 430 1907; x_wconf 87' lang='lat' dir='ltr'>dente</span> <span class='ocrx_word' id='word_1_202' title='bbox 462 1864 679 1908; x_wconf 90' lang='lat' dir='ltr'>Societate</span> <span class='ocrx_word' id='word_1_203' title='bbox 710 1866 816 1907; x_wconf 89' lang='lat' dir='ltr'>Jesu</span> <span class='ocrx_word' id='word_1_204' title='bbox 848 1868 1051 1909; x_wconf 89' lang='lat' dir='ltr'>librorum</span> <span class='ocrx_word' id='word_1_205' title='bbox 1084 1881 1218 1910; x_wconf 88' lang='lat' dir='ltr'>rna-nu</span> <span class='ocrx_word' id='word_1_206' title='bbox 1250 1874 1508 1924; x_wconf 91' lang='lat' dir='ltr'>scriptorum</span> <span class='ocrx_word' id='word_1_207' title='bbox 1540 1872 1806 1924; x_wconf 89' lang='lat' dir='ltr'>opulentiam</span> <span class='ocrx_word' id='word_1_208' title='bbox 1838 1873 2082 1919; x_wconf 89' lang='lat' dir='ltr'>hausimus,</span> <span class='ocrx_word' id='word_1_209' title='bbox 2115 1870 2171 1910; x_wconf 88' lang='lat' dir='ltr'>ad</span> 
     </span>
     <span class='ocr_line' id='line_1_24' title="bbox 299 1936 2171 1992; baseline 0.002 -17"><span class='ocrx_word' id='word_1_210' title='bbox 299 1936 578 1988; x_wconf 88' lang='lat' dir='ltr'>collegiorum</span> <span class='ocrx_word' id='word_1_211' title='bbox 610 1939 901 1977; x_wconf 87' lang='lat' dir='ltr'>universitatis</span> <span class='ocrx_word' id='word_1_212' title='bbox 943 1938 1174 1991; x_wconf 87' lang='lat' dir='ltr'>Pragensis</span> <span class='ocrx_word' id='word_1_213' title='bbox 1216 1943 1419 1992; x_wconf 88' lang='lat' dir='ltr'>pristinas</span> <span class='ocrx_word' id='word_1_214' title='bbox 1461 1941 1757 1981; x_wconf 89' lang='lat' dir='ltr'>bibliothecas.</span> <span class='ocrx_word' id='word_1_215' title='bbox 1820 1940 2032 1980; x_wconf 90' lang='lat' dir='ltr'>Memoria</span> <span class='ocrx_word' id='word_1_216' title='bbox 2062 1943 2171 1980; x_wconf 90' lang='lat' dir='ltr'>enim</span> 
     </span>
     <span class='ocr_line' id='line_1_25' title="bbox 300 2005 2171 2063; baseline 0.002 -18"><span class='ocrx_word' id='word_1_217' title='bbox 300 2005 536 2046; x_wconf 91' lang='lat' dir='ltr'>tenendum</span> <span class='ocrx_word' id='word_1_218' title='bbox 584 2010 714 2059; x_wconf 91' lang='lat' dir='ltr'>atque</span> <span class='ocrx_word' id='word_1_219' title='bbox 765 2011 916 2048; x_wconf 90' lang='lat' dir='ltr'>contra</span> <span class='ocrx_word' id='word_1_220' title='bbox 965 2008 1123 2049; x_wconf 87' lang='lat' dir='ltr'>falsam</span> <span class='ocrx_word' id='word_1_221' title='bbox 1173 2009 1389 2051; x_wconf 86' lang='lat' dir='ltr'>Hanslikii</span> <span class='ocrx_word' id='word_1_222' title='bbox 1440 2014 1689 2063; x_wconf 88' lang='lat' dir='ltr'>opinionem</span> <span class='ocrx_word' id='word_1_223' title='bbox 1742 2012 1784 2060; x_wconf 91' lang='lat'>(1.</span> <span class='ocrx_word' id='word_1_224' title='bbox 1817 2023 1853 2051; x_wconf 89' lang='lat' dir='ltr'>c.</span> <span class='ocrx_word' id='word_1_225' title='bbox 1902 2010 1964 2058; x_wconf 88' lang='grc'>16,</span> <span class='ocrx_word' id='word_1_226' title='bbox 1997 2010 2065 2058; x_wconf 89' lang='grc'>33,</span> <span class='ocrx_word' id='word_1_227' title='bbox 2098 2011 2171 2059; x_wconf 90' lang='grc'>41)</span> 
     </span>
     <span class='ocr_line' id='line_1_26' title="bbox 298 2074 2166 2134; baseline 0.002 -19"><span class='ocrx_word' id='word_1_228' title='bbox 298 2074 460 2116; x_wconf 80' lang='lat' dir='ltr'>fortiter</span> <span class='ocrx_word' id='word_1_229' title='bbox 490 2076 814 2117; x_wconf 86' lang='lat' dir='ltr'>defendendum</span> <span class='ocrx_word' id='word_1_230' title='bbox 861 2082 930 2118; x_wconf 91' lang='lat' dir='ltr'>est</span> <span class='ocrx_word' id='word_1_231' title='bbox 974 2080 1242 2131; x_wconf 90' lang='lat' dir='ltr'>temporibus</span> <span class='ocrx_word' id='word_1_232' title='bbox 1288 2083 1478 2134; x_wconf 87' lang='lat' dir='ltr'>antiquis</span> <span class='ocrx_word' id='word_1_233' title='bbox 1512 2091 1655 2133; x_wconf 92' lang='lat' dir='ltr'>usque</span> <span class='ocrx_word' id='word_1_234' title='bbox 1697 2081 1753 2121; x_wconf 90' lang='lat' dir='ltr'>ad</span> <span class='ocrx_word' id='word_1_235' title='bbox 1786 2093 1822 2122; x_wconf 91' lang='lat' dir='ltr'>a.</span> <span class='ocrx_word' id='word_1_236' title='bbox 1863 2080 1983 2130; x_wconf 86' lang='grc'><strong>1638,</strong></span> <span class='ocrx_word' id='word_1_237' title='bbox 2030 2083 2166 2120; x_wconf 92' lang='lat' dir='ltr'>immo</span> 
     </span>
     <span class='ocr_line' id='line_1_27' title="bbox 297 2145 2171 2198; baseline 0.002 -13"><span class='ocrx_word' id='word_1_238' title='bbox 297 2154 440 2198; x_wconf 88' lang='lat' dir='ltr'>usque</span> <span class='ocrx_word' id='word_1_239' title='bbox 471 2145 528 2185; x_wconf 90' lang='lat' dir='ltr'>ad</span> <span class='ocrx_word' id='word_1_240' title='bbox 559 2157 598 2186; x_wconf 89' lang='lat' dir='ltr'>a.</span> <span class='ocrx_word' id='word_1_241' title='bbox 636 2145 744 2187; x_wconf 90' lang='lat'>1777</span> <span class='ocrx_word' id='word_1_242' title='bbox 776 2147 937 2187; x_wconf 89' lang='lat' dir='ltr'>nullam</span> <span class='ocrx_word' id='word_1_243' title='bbox 970 2147 1107 2189; x_wconf 90' lang='lat' dir='ltr'>fuisse</span> <span class='ocrx_word' id='word_1_244' title='bbox 1138 2153 1270 2190; x_wconf 91' lang='lat' dir='ltr'>totius</span> <span class='ocrx_word' id='word_1_245' title='bbox 1302 2146 1595 2191; x_wconf 88' lang='lat' dir='ltr'>universitatis</span> <span class='ocrx_word' id='word_1_246' title='bbox 1639 2151 1942 2191; x_wconf 90' lang='lat' dir='ltr'>bibliothecam</span> <span class='ocrx_word' id='word_1_247' title='bbox 1976 2161 2171 2190; x_wconf 87' lang='lat' dir='ltr'>commu--</span> 
     </span>
     <span class='ocr_line' id='line_1_28' title="bbox 297 2215 2172 2271; baseline 0.002 -15"><span class='ocrx_word' id='word_1_248' title='bbox 297 2226 412 2264; x_wconf 91' lang='lat' dir='ltr'>nem,</span> <span class='ocrx_word' id='word_1_249' title='bbox 465 2215 545 2255; x_wconf 90' lang='lat' dir='ltr'>sed</span> <span class='ocrx_word' id='word_1_250' title='bbox 596 2227 723 2256; x_wconf 87' lang='lat' dir='ltr'>suam</span> <span class='ocrx_word' id='word_1_251' title='bbox 775 2217 982 2270; x_wconf 89' lang='lat' dir='ltr'>quodque</span> <span class='ocrx_word' id='word_1_252' title='bbox 1033 2219 1262 2271; x_wconf 88' lang='lat' dir='ltr'>collegium</span> <span class='ocrx_word' id='word_1_253' title='bbox 1319 2220 1651 2260; x_wconf 87' lang='lat' dir='ltr'>administrasse</span> <span class='ocrx_word' id='word_1_254' title='bbox 1713 2217 2068 2269; x_wconf 78' lang='lat' dir='ltr'>bibliothecam⁶)‚</span> <span class='ocrx_word' id='word_1_255' title='bbox 2130 2223 2172 2260; x_wconf 90' lang='lat' dir='ltr'>et</span> 
     </span>
     <span class='ocr_line' id='line_1_29' title="bbox 299 2285 2170 2342; baseline 0.003 -18"><span class='ocrx_word' id='word_1_256' title='bbox 299 2287 501 2336; x_wconf 87' lang='lat' dir='ltr'>quamvis</span> <span class='ocrx_word' id='word_1_257' title='bbox 532 2288 699 2337; x_wconf 89' lang='lat' dir='ltr'>passim</span> <span class='ocrx_word' id='word_1_258' title='bbox 731 2285 817 2339; x_wconf 88' lang='lat' dir='ltr'>(ex.</span> <span class='ocrx_word' id='word_1_259' title='bbox 859 2298 920 2339; x_wconf 86' lang='lat' dir='ltr'>gr.</span> <span class='ocrx_word' id='word_1_260' title='bbox 953 2290 996 2328; x_wconf 89' lang='lat' dir='ltr'>in</span> <span class='ocrx_word' id='word_1_261' title='bbox 1038 2288 1134 2329; x_wconf 93' lang='lat' dir='ltr'>Joh.</span> <span class='ocrx_word' id='word_1_262' title='bbox 1182 2288 1395 2342; x_wconf 88' lang='lat' dir='ltr'>Campani</span> <span class='ocrx_word' id='word_1_263' title='bbox 1442 2289 1718 2342; x_wconf 89' lang='lat' dir='ltr'>Calendario)</span> <span class='ocrx_word' id='word_1_264' title='bbox 1764 2290 1855 2330; x_wconf 90' lang='lat' dir='ltr'>libri</span> <span class='ocrx_word' id='word_1_265' title='bbox 1902 2288 2170 2330; x_wconf 89' lang='lat' dir='ltr'>universitati</span> 
     </span>
     <span class='ocr_line' id='line_1_30' title="bbox 299 2353 2169 2411; baseline 0.003 -18"><span class='ocrx_word' id='word_1_266' title='bbox 299 2353 450 2394; x_wconf 84' lang='lat' dir='ltr'>donati</span> <span class='ocrx_word' id='word_1_267' title='bbox 480 2355 549 2394; x_wconf 90' lang='lat' dir='ltr'>vel</span> <span class='ocrx_word' id='word_1_268' title='bbox 580 2355 706 2406; x_wconf 89' lang='lat' dir='ltr'>legati</span> <span class='ocrx_word' id='word_1_269' title='bbox 737 2362 1146 2407; x_wconf 89' lang='lat' dir='ltr'>commemorentur,</span> <span class='ocrx_word' id='word_1_270' title='bbox 1194 2360 1336 2400; x_wconf 90' lang='lat' dir='ltr'>ubivis</span> <span class='ocrx_word' id='word_1_271' title='bbox 1383 2360 1578 2400; x_wconf 90' lang='lat' dir='ltr'>denotari</span> <span class='ocrx_word' id='word_1_272' title='bbox 1625 2360 1796 2411; x_wconf 89' lang='lat' dir='ltr'>singula</span> <span class='ocrx_word' id='word_1_273' title='bbox 1839 2360 2033 2411; x_wconf 88' lang='lat' dir='ltr'>collegia,</span> <span class='ocrx_word' id='word_1_274' title='bbox 2081 2370 2169 2399; x_wconf 91' lang='lat' dir='ltr'>non</span> 
     </span>
     <span class='ocr_line' id='line_1_31' title="bbox 301 2426 806 2465; baseline 0.002 -1"><span class='ocrx_word' id='word_1_275' title='bbox 301 2426 436 2464; x_wconf 80' lang='lat' dir='ltr'>totam</span> <span class='ocrx_word' id='word_1_276' title='bbox 468 2426 806 2465; x_wconf 80' lang='lat' dir='ltr'>universitatem.</span> 
     </span>
    </p>
   </div>
   <div class='ocr_carea' id='block_1_4' title="bbox 297 2521 2170 2857">
    <p class='ocr_par' dir='ltr' id='par_1_4' title="bbox 297 2521 2170 2857">
     <span class='ocr_line' id='line_1_32' title="bbox 437 2521 2169 2581; baseline 0.003 -19"><span class='ocrx_word' id='word_1_277' title='bbox 437 2521 551 2563; x_wconf 92' lang='lat' dir='ltr'>Inter</span> <span class='ocrx_word' id='word_1_278' title='bbox 580 2523 690 2563; x_wconf 90' lang='lat' dir='ltr'>haec</span> <span class='ocrx_word' id='word_1_279' title='bbox 722 2524 902 2576; x_wconf 88' lang='lat' dir='ltr'>collegia</span> <span class='ocrx_word' id='word_1_280' title='bbox 934 2528 1118 2576; x_wconf 89' lang='lat' dir='ltr'>primum</span> <span class='ocrx_word' id='word_1_281' title='bbox 1152 2528 1295 2567; x_wconf 88' lang='lat' dir='ltr'>locum</span> <span class='ocrx_word' id='word_1_282' title='bbox 1330 2540 1504 2581; x_wconf 89' lang='lat' dir='ltr'>semper</span> <span class='ocrx_word' id='word_1_283' title='bbox 1535 2529 1757 2569; x_wconf 90' lang='lat' dir='ltr'>obtinebat</span> <span class='ocrx_word' id='word_1_284' title='bbox 1787 2529 2014 2580; x_wconf 87' lang='lat' dir='ltr'>collegium</span> <span class='ocrx_word' id='word_1_285' title='bbox 2039 2526 2169 2568; x_wconf 90' lang='lat' dir='ltr'>Caro-</span> 
     </span>
     <span class='ocr_line' id='line_1_33' title="bbox 297 2590 2170 2650; baseline 0.002 -19"><span class='ocrx_word' id='word_1_286' title='bbox 297 2592 434 2632; x_wconf 90' lang='lat' dir='ltr'>linum</span> <span class='ocrx_word' id='word_1_287' title='bbox 464 2592 535 2632; x_wconf 93' lang='lat' dir='ltr'>vel</span> <span class='ocrx_word' id='word_1_288' title='bbox 564 2590 789 2644; x_wconf 90' lang='lat' dir='ltr'>Magnum,</span> <span class='ocrx_word' id='word_1_289' title='bbox 823 2596 916 2634; x_wconf 90' lang='lat' dir='ltr'>sine</span> <span class='ocrx_word' id='word_1_290' title='bbox 950 2595 1082 2636; x_wconf 91' lang='lat' dir='ltr'>dubio</span> <span class='ocrx_word' id='word_1_291' title='bbox 1114 2598 1200 2636; x_wconf 89' lang='lat' dir='ltr'>iarn</span> <span class='ocrx_word' id='word_1_292' title='bbox 1222 2598 1277 2637; x_wconf 88' lang='lat' dir='ltr'>ab</span> <span class='ocrx_word' id='word_1_293' title='bbox 1310 2600 1428 2638; x_wconf 90' lang='lat' dir='ltr'>initio</span> <span class='ocrx_word' id='word_1_294' title='bbox 1449 2599 1654 2638; x_wconf 89' lang='lat' dir='ltr'>librorum</span> <span class='ocrx_word' id='word_1_295' title='bbox 1687 2599 1949 2650; x_wconf 89' lang='lat' dir='ltr'>supellectile</span> <span class='ocrx_word' id='word_1_296' title='bbox 1981 2597 2170 2649; x_wconf 87' lang='lat' dir='ltr'>quadam</span> 
     </span>
     <span class='ocr_line' id='line_1_34' title="bbox 298 2663 2169 2719; baseline 0.002 -18"><span class='ocrx_word' id='word_1_297' title='bbox 298 2663 570 2710; x_wconf 85' lang='lat' dir='ltr'>instructum,</span> <span class='ocrx_word' id='word_1_298' title='bbox 618 2664 812 2714; x_wconf 89' lang='lat' dir='ltr'>inprimis</span> <span class='ocrx_word' id='word_1_299' title='bbox 859 2667 1004 2704; x_wconf 90' lang='lat' dir='ltr'>autem</span> <span class='ocrx_word' id='word_1_300' title='bbox 1037 2677 1075 2706; x_wconf 90' lang='lat' dir='ltr'>a.</span> <span class='ocrx_word' id='word_1_301' title='bbox 1114 2665 1224 2707; x_wconf 88' lang='lat'>1370</span> <span class='ocrx_word' id='word_1_302' title='bbox 1268 2668 1324 2707; x_wconf 88' lang='lat' dir='ltr'>ab</span> <span class='ocrx_word' id='word_1_303' title='bbox 1370 2670 1468 2719; x_wconf 93' lang='lat' dir='ltr'>ipso</span> <span class='ocrx_word' id='word_1_304' title='bbox 1514 2667 1743 2708; x_wconf 89' lang='lat' dir='ltr'>fundatore</span> <span class='ocrx_word' id='word_1_305' title='bbox 1790 2668 1907 2707; x_wconf 90' lang='lat' dir='ltr'>libris</span> <span class='ocrx_word' id='word_1_306' title='bbox 1953 2666 2169 2706; x_wconf 88' lang='lat' dir='ltr'>Wilhelmi</span> 
     </span>
     <span class='ocr_line' id='line_1_35' title="bbox 301 2730 2168 2790; baseline 0.002 -19"><span class='ocrx_word' id='word_1_307' title='bbox 301 2731 401 2771; x_wconf 91' lang='lat' dir='ltr'>olim</span> <span class='ocrx_word' id='word_1_308' title='bbox 445 2731 600 2772; x_wconf 90' lang='lat' dir='ltr'>decani</span> <span class='ocrx_word' id='word_1_309' title='bbox 640 2730 1016 2785; x_wconf 72' lang='lat' dir='ltr'>Wysehradensis</span> <span class='ocrx_word' id='word_1_310' title='bbox 1063 2740 1239 2776; x_wconf 90' lang='lat' dir='ltr'>auctum</span> <span class='ocrx_word' id='word_1_311' title='bbox 1287 2741 1416 2790; x_wconf 88' lang='lat' dir='ltr'>atque</span> <span class='ocrx_word' id='word_1_312' title='bbox 1464 2738 1659 2778; x_wconf 89' lang='lat' dir='ltr'>ditatum.</span> <span class='ocrx_word' id='word_1_313' title='bbox 1720 2736 1932 2789; x_wconf 87' lang='lat' dir='ltr'>Superest</span> <span class='ocrx_word' id='word_1_314' title='bbox 1977 2736 2168 2775; x_wconf 87' lang='lat' dir='ltr'>librariae</span> 
     </span>
     <span class='ocr_line' id='line_1_36' title="bbox 301 2799 2169 2857; baseline 0.002 -16"><span class='ocrx_word' id='word_1_315' title='bbox 301 2799 530 2842; x_wconf 88' lang='lat' dir='ltr'>Carolinae</span> <span class='ocrx_word' id='word_1_316' title='bbox 561 2803 788 2854; x_wconf 87' lang='lat' dir='ltr'>catalogus</span> <span class='ocrx_word' id='word_1_317' title='bbox 820 2804 949 2855; x_wconf 89' lang='lat' dir='ltr'>paulo</span> <span class='ocrx_word' id='word_1_318' title='bbox 982 2808 1083 2855; x_wconf 85' lang='lat' dir='ltr'>post</span> <span class='ocrx_word' id='word_1_319' title='bbox 1113 2805 1227 2846; x_wconf 90' lang='lat' dir='ltr'>hanc</span> <span class='ocrx_word' id='word_1_320' title='bbox 1275 2807 1554 2847; x_wconf 89' lang='lat' dir='ltr'>donationem</span> <span class='ocrx_word' id='word_1_321' title='bbox 1587 2809 1875 2846; x_wconf 87' lang='lat' dir='ltr'>concinnatus</span> <span class='ocrx_word' id='word_1_322' title='bbox 1908 2809 1950 2845; x_wconf 90' lang='lat' dir='ltr'>et</span> <span class='ocrx_word' id='word_1_323' title='bbox 1979 2806 2169 2857; x_wconf 87' lang='lat' dir='ltr'>aliquan-</span> 
     </span>
    </p>
   </div>
   <div class='ocr_carea' id='block_1_5' title="bbox 298 2910 577 2918">
    <p class='ocr_par' dir='ltr' id='par_1_5' title="bbox 298 2910 577 2918">
     <span class='ocr_line' id='line_1_37' title="bbox 298 2910 577 2918; baseline 0 0"><span class='ocrx_word' id='word_1_324' title='bbox 298 2910 577 2918; x_wconf 95' lang='lat' dir='ltr'> </span> 
     </span>
    </p>
   </div>
   <div class='ocr_carea' id='block_1_6' title="bbox 455 2968 1881 3028">
    <p class='ocr_par' dir='ltr' id='par_1_6' title="bbox 455 2968 1881 3028">
     <span class='ocr_line' id='line_1_38' title="bbox 455 2968 1881 3028; baseline 0.004 -15"><span class='ocrx_word' id='word_1_325' title='bbox 455 2971 490 3026; x_wconf 87' lang='grc'>5)</span> <span class='ocrx_word' id='word_1_326' title='bbox 524 2977 634 3018; x_wconf 89' lang='lat' dir='ltr'>Ferd.</span> <span class='ocrx_word' id='word_1_327' title='bbox 667 2978 829 3027; x_wconf 80' lang='lat' dir='ltr'>Lehner,</span> <span class='ocrx_word' id='word_1_328' title='bbox 862 2968 991 3017; x_wconf 76' lang='lat' dir='ltr'>Ceska</span> <span class='ocrx_word' id='word_1_329' title='bbox 1022 2978 1137 3018; x_wconf 69' lang='lat' dir='ltr'>§kola</span> <span class='ocrx_word' id='word_1_330' title='bbox 1168 2980 1367 3028; x_wconf 70' lang='lat' dir='ltr'>maliiska‚</span> <span class='ocrx_word' id='word_1_331' title='bbox 1399 2982 1428 3019; x_wconf 87' lang='lat'>1.</span> <span class='ocrx_word' id='word_1_332' title='bbox 1462 2993 1520 3019; x_wconf 91' lang='lat' dir='ltr'>sv.</span> <span class='ocrx_word' id='word_1_333' title='bbox 1554 2994 1579 3018; x_wconf 93' lang='lat' dir='ltr'>v</span> <span class='ocrx_word' id='word_1_334' title='bbox 1611 2983 1726 3018; x_wconf 85' lang='lat' dir='ltr'>Praze</span> <span class='ocrx_word' id='word_1_335' title='bbox 1763 2982 1881 3019; x_wconf 86' lang='lat'>1902.</span> 
     </span>
    </p>
   </div>
   <div class='ocr_carea' id='block_1_7' title="bbox 301 3041 2169 3261">
    <p class='ocr_par' dir='ltr' id='par_1_7' title="bbox 301 3041 2169 3261">
     <span class='ocr_line' id='line_1_39' title="bbox 455 3041 2169 3098; baseline 0.001 -14"><span class='ocrx_word' id='word_1_336' title='bbox 455 3041 491 3094; x_wconf 76' lang='grc' dir='ltr'>ὃ)</span> <span class='ocrx_word' id='word_1_337' title='bbox 522 3046 764 3085; x_wconf 86' lang='lat' dir='ltr'>Sententiam</span> <span class='ocrx_word' id='word_1_338' title='bbox 809 3050 911 3086; x_wconf 86' lang='lat' dir='ltr'>hanc</span> <span class='ocrx_word' id='word_1_339' title='bbox 958 3062 1203 3098; x_wconf 82' lang='lat' dir='ltr'>nequaquam</span> <span class='ocrx_word' id='word_1_340' title='bbox 1250 3052 1453 3098; x_wconf 89' lang='lat' dir='ltr'>impugnat</span> <span class='ocrx_word' id='word_1_341' title='bbox 1498 3053 1704 3098; x_wconf 87' lang='lat' dir='ltr'>castigatio</span> <span class='ocrx_word' id='word_1_342' title='bbox 1751 3051 1804 3089; x_wconf 92' lang='lat' dir='ltr'>M.</span> <span class='ocrx_word' id='word_1_343' title='bbox 1851 3050 2075 3087; x_wconf 83' lang='lat' dir='ltr'>Wenceslai</span> <span class='ocrx_word' id='word_1_344' title='bbox 2123 3051 2169 3085; x_wconf 94' lang='lat' dir='ltr'>de</span> 
     </span>
     <span class='ocr_line' id='line_1_40' title="bbox 301 3101 2162 3156; baseline 0.002 -17"><span class='ocrx_word' id='word_1_345' title='bbox 301 3101 499 3142; x_wconf 60' lang='lat' dir='ltr'>Kriianov</span> <span class='ocrx_word' id='word_1_346' title='bbox 544 3116 611 3153; x_wconf 89' lang='lat' dir='ltr'>per</span> <span class='ocrx_word' id='word_1_347' title='bbox 641 3106 694 3143; x_wconf 93' lang='lat' dir='ltr'>M.</span> <span class='ocrx_word' id='word_1_348' title='bbox 727 3106 946 3144; x_wconf 87' lang='lat' dir='ltr'>Johannem</span> <span class='ocrx_word' id='word_1_349' title='bbox 993 3110 1039 3144; x_wconf 92' lang='lat' dir='ltr'>de</span> <span class='ocrx_word' id='word_1_350' title='bbox 1086 3109 1207 3156; x_wconf 84' lang='lat' dir='ltr'>Praga</span> <span class='ocrx_word' id='word_1_351' title='bbox 1254 3114 1454 3154; x_wconf 88' lang='lat' dir='ltr'>rectorem,</span> <span class='ocrx_word' id='word_1_352' title='bbox 1487 3111 1592 3156; x_wconf 90' lang='lat' dir='ltr'>quod</span> <span class='ocrx_word' id='word_1_353' title='bbox 1623 3110 1743 3146; x_wconf 91' lang='lat' dir='ltr'>libros</span> <span class='ocrx_word' id='word_1_354' title='bbox 1776 3108 1955 3145; x_wconf 85' lang='lat' dir='ltr'>Nationis</span> <span class='ocrx_word' id='word_1_355' title='bbox 1988 3120 2022 3146; x_wconf 86' lang='lat' dir='ltr'>a.</span> <span class='ocrx_word' id='word_1_356' title='bbox 2063 3108 2162 3144; x_wconf 88' lang='lat'>1461</span> 
     </span>
     <span class='ocr_line' id='line_1_41' title="bbox 302 3163 2166 3216; baseline 0.003 -20"><span class='ocrx_word' id='word_1_357' title='bbox 302 3169 382 3197; x_wconf 89' lang='lat' dir='ltr'>non</span> <span class='ocrx_word' id='word_1_358' title='bbox 407 3164 621 3209; x_wconf 85' lang='lat' dir='ltr'>reposuerit</span> <span class='ocrx_word' id='word_1_359' title='bbox 643 3163 770 3210; x_wconf 88' lang='lat' dir='ltr'>(Mon.</span> <span class='ocrx_word' id='word_1_360' title='bbox 792 3165 882 3201; x_wconf 90' lang='lat' dir='ltr'>hist.</span> <span class='ocrx_word' id='word_1_361' title='bbox 915 3169 1021 3202; x_wconf 91' lang='lat' dir='ltr'>univ.</span> <span class='ocrx_word' id='word_1_362' title='bbox 1054 3165 1162 3213; x_wconf 86' lang='lat' dir='ltr'>Prag.</span> <span class='ocrx_word' id='word_1_363' title='bbox 1194 3166 1257 3213; x_wconf 93' lang='lat' dir='ltr'>III,</span> <span class='ocrx_word' id='word_1_364' title='bbox 1293 3167 1389 3216; x_wconf 90' lang='lat'>50);</span> <span class='ocrx_word' id='word_1_365' title='bbox 1422 3178 1512 3203; x_wconf 91' lang='lat' dir='ltr'>nam</span> <span class='ocrx_word' id='word_1_366' title='bbox 1542 3171 1637 3203; x_wconf 86' lang='lat' dir='ltr'>tunc</span> <span class='ocrx_word' id='word_1_367' title='bbox 1659 3171 1784 3203; x_wconf 84' lang='lat' dir='ltr'>rector</span> <span class='ocrx_word' id='word_1_368' title='bbox 1805 3177 1884 3203; x_wconf 92' lang='lat' dir='ltr'>non</span> <span class='ocrx_word' id='word_1_369' title='bbox 1906 3166 2166 3213; x_wconf 86' lang='lat' dir='ltr'>procuratoris</span> 
     </span>
     <span class='ocr_line' id='line_1_42' title="bbox 301 3219 992 3261; baseline 0.01 -8"><span class='ocrx_word' id='word_1_370' title='bbox 301 3219 370 3254; x_wconf 88' lang='lat' dir='ltr'>sed</span> <span class='ocrx_word' id='word_1_371' title='bbox 400 3219 541 3257; x_wconf 90' lang='lat' dir='ltr'>iudicis</span> <span class='ocrx_word' id='word_1_372' title='bbox 571 3222 702 3259; x_wconf 79' lang='lat' dir='ltr'>officio</span> <span class='ocrx_word' id='word_1_373' title='bbox 733 3222 889 3260; x_wconf 86' lang='lat' dir='ltr'>functus</span> <span class='ocrx_word' id='word_1_374' title='bbox 921 3228 992 3261; x_wconf 89' lang='lat' dir='ltr'>est.</span> 
     </span>
    </p>
   </div>
  </div>
 </body>
</html>
