2476 3782
1033 335 1116 376 796

281 480 489 527 Inscriptio
522 480 649 527 operis
680 478 893 516 Wiclifiani
919 486 1192 524 possessorem
1213 476 1300 512 libri
1324 476 1518 522 designat.
1542 475 1664 512 Vetus
1687 475 1808 522 (saec.
1830 474 1903 511 XV
1926 476 2007 522 eX.)

138 540 239 586 sign.
271 538 304 574 D
339 539 392 575 20
424 538 595 574 indicare
626 537 777 574 videtur
807 537 982 572 codicem
1014 535 1134 572 fuisse
1169 534 1444 580 bibliothecae,
1478 535 1591 570 cuius
1614 534 1817 580 catalogus
1839 538 1947 570 extat
1967 535 2007 570 in

138 595 301 644 registro
333 596 573 632 Rudnicensi
604 593 670 643 (cf.
703 595 846 631 ibidem
877 604 915 640 p.
953 592 1035 640 14).

278 707 384 762 795
443 693 446 697 .
777 705 827 758 V.
866 705 927 755 A.
969 705 1015 754 4.
1059 715 1118 759 (Υ.
1145 714 1210 748 ΙΙΙ.
1237 716 1268 748 2.
1294 725 1329 748 n.
1356 715 1404 756 4.)

141 801 286 843 chart.
317 813 409 842 cca.
442 814 486 843 a.
517 800 631 842 1387
654 799 709 854 ff.
739 799 839 848 249,
869 800 974 841 29·5
987 800 1030 838 ><
1047 799 1104 839 22
1136 810 1219 839 cm.
1250 798 1274 838 1
1309 810 1368 838 m.

286 881 313 922 f.
352 879 503 927 1ζ’--2”λ
534 883 695 930 (recent.
727 894 846 919 manu
860 883 887 931 ε)
919 881 1128 932 Prologus
1160 883 1203 919 in
1234 880 1547 932 Apocalypsin.

288 962 315 1003 f.
347 959 564 1005 32-11712
614 961 893 1014 (Haymonis
945 961 1085 1012 episc.
1137 961 1567 1013 Halberstadensis)
1613 961 1858 1012 Expositio
1908 962 2015 1003 libri

143 1020 455 1072 Apocalypsis
499 1021 542 1060 b.
586 1019 832 1060 Johannis.
896 1019 1126 1071 »Legimus
1183 1022 1225 1059 in
1272 1020 1570 1059 ecclesiastica
1617 1021 1812 1072 hystoria
1856 1022 1897 1061 b.
1945 1021 2016 1061 Jo-

146 1079 363 1120 hannem‹
397 1079 441 1116 ><
477 1077 623 1130 »Expl.
657 1088 808 1129 expos.
853 1079 877 1117 1.
924 1078 975 1117 Α.
1024 1078 1062 1118 b.
1112 1077 1207 1117 Joh.
1255 1081 1471 1129 reportata
1517 1089 1593 1129 per
1628 1089 1786 1118 manus
1836 1078 2017 1119 Erasmi

146 1139 191 1177 in
221 1137 403 1188 collegio
434 1134 641 1176 Omnium
674 1134 935 1176 Sanctorum
967 1135 1023 1175 ad
1057 1146 1209 1187 preces
1240 1134 1350 1187 Mgri
1382 1135 1511 1175 Blasii
1548 1135 1646 1175 dicti
1679 1135 1828 1188 Lupus
1861 1138 2013 1177 decani

148 1194 315 1246 collegii
345 1192 397 1235 Ο.
429 1191 474 1235 S.
501 1225 510 1234 .
538 1227 544 1234 .
572 1226 582 1235 .
607 1193 712 1233 Post
742 1194 826 1233 hoc
858 1196 1053 1244 sequitur
1082 1194 1208 1245 glosa
1239 1205 1351 1245 mag.
1399 1192 1608 1245 Symonis
1650 1194 1703 1234 de
1736 1194 1910 1247 Cassya
1941 1206 2018 1234 su-

149 1263 227 1305 per
254 1254 486 1304 passiones
532 1255 575 1292 et
618 1252 982 1291 concordanciam
1030 1255 1216 1303 quatuor
1261 1253 1655 1303 ewangelistarum‚
1719 1264 1851 1304 quam
1897 1253 2012 1293 idem

149 1309 361 1351 Erasmus
391 1309 551 1350 ibidem
582 1312 626 1350 in
657 1310 839 1361 collegio
871 1308 921 1350 O.
956 1308 1001 1349 S.
1035 1312 1303 1361 reportavit«

291 1390 319 1431 f.
357 1390 626 1432 11821——213a
657 1390 773 1442 Mag.
805 1389 1010 1431 Simonis
1043 1391 1098 1430 de
1140 1389 1306 1430 Cassia
1347 1389 1518 1431 Glossa
1563 1402 1704 1442 super
1747 1392 2018 1442 passionem

150 1446 340 1491 Christi.
374 1448 598 1490 »Passioni
627 1451 797 1489 vicinus
830 1449 1036 1488 dominus
1057 1449 1106 1497 ><
1130 1447 1340 1500 »Explicit
1370 1449 1475 1488 liber
1506 1449 1560 1488 de
1593 1461 1800 1500 passone
1840 1451 2018 1490 tredeci-

149 1517 250 1548 mus
281 1504 491 1560 Symonis
522 1507 576 1546 de
608 1506 766 1548 Cassia
797 1507 880 1546 sub
911 1519 951 1546 a.
984 1506 1023 1545 d.
1060 1504 1195 1546 1387«
1251 1506 1349 1555 (Est
1389 1518 1547 1558 nempe
1579 1508 1683 1547 liber
1713 1508 1803 1549 XIII
1839 1508 2021 1548 »Gesto-

150 1575 246 1606 rum
278 1562 576 1614 Salvatoris«).
1352 1595 1358 1599 .

294 1645 322 1687 f.
355 1643 630 1686 21310—24910
660 1645 881 1686 Eiusdem
902 1645 1146 1696 Expositio
1169 1646 1516 1697 evangeliorum
1539 1647 1594 1686 de
1615 1648 1761 1698 gestis
1783 1660 1811 1688 a
1832 1647 2020 1689 Christo

153 1707 264 1756 post
316 1705 710 1745 resurrectionem
768 1715 873 1745 cum
920 1704 1093 1752 aliquot
1141 1704 1436 1745 sermonibus
1493 1706 1549 1745 de
1604 1706 1765 1746 eadem
1810 1707 2019 1747 materia.

155 1761 358 1803 »Peracta
386 1765 430 1803 in
460 1763 592 1803 limbo
626 1763 771 1802 debita
801 1774 946 1802 mora«
983 1763 1027 1799 ><
1065 1762 1315 1802 »laudantes
1347 1767 1390 1803 et
1420 1763 1729 1803 benedicentes
1763 1765 1906 1812 deum,
1951 1768 2023 1817 qui

154 1824 224 1862 est
251 1820 508 1862 benedictus
540 1823 583 1861 in
616 1832 650 1860 s.
686 1832 720 1861 s.
754 1821 935 1860 Amen«

297 1903 500 1950 Operculis
532 1904 703 1950 adligata
736 1909 828 1940 sunt
858 1904 1072 1950 fragmenta
1103 1906 1263 1941 membr.
1296 1906 1444 1941 codicis
1477 1915 1579 1942 saec.
1602 1903 1694 1940 XIV
1716 1917 1863 1952 argum.
1892 1907 2024 1944 iurid-

153 1962 294 2002 eccles.
325 1961 449 1998 Vetus
481 1961 581 2008 sign.
613 1962 663 2008 A,
702 1963 765 1999 15.

292 2073 398 2128 796
763 2075 819 2124 V.
858 2075 920 2124 A.
957 2076 1002 2125 5.
1046 2086 1105 2128 (Y.
1131 2086 1197 2119 III.
1224 2087 1256 2120 2.
1281 2097 1316 2120 n.
1340 2088 1389 2128 5.)

156 2167 301 2208 chart.
330 2178 448 2208 saec.
477 2167 572 2209 XV
596 2166 656 2209 in.
673 2168 735 2223 ff
766 2168 852 2209 207
882 2180 1007 2210 num.
1039 2171 1173 2216 (recte
1202 2169 1319 2220 206),
1349 2170 1511 2211 29·5><
1529 2170 1583 2210 21
1617 2181 1701 2211 cm.
1732 2171 1761 2211 2
1795 2184 1853 2212 m.

301 2247 328 2289 f.
366 2247 548 2290 1⁸—59b
588 2231 801 2299 (Honorii
843 2250 1307 2303 Augustodunensis)
1353 2250 1597 2303 Expositio
1642 2263 1785 2303 super
1835 2253 2028 2295 Cantica

157 2306 459 2348 cantieorum.
494 2307 696 2348 »Donum
729 2311 946 2360 sapiencie
978 2319 1078 2348 cum
1111 2307 1372 2350 Salomone«
1407 2311 1452 2348 ><
1488 2313 1735 2362 »utriusque
1773 2314 1915 2363 operis
1936 2324 2030 2364 gra-

161 2366 252 2405 cias
283 2375 480 2416 agamus.
518 2365 643 2418 Expl.
676 2378 773 2418 exp.
809 2378 843 2406 s.
879 2369 1087 2406 cantica«

305 2433 333 2474 f.
364 2430 581 2476 59b—60b
612 2434 783 2477 Tabula
814 2439 1102 2488 expositionis
1135 2437 1453 2488 praecedentis.

304 2501 330 2543 s.
363 2502 583 2545 612—712
614 2505 659 2547 S.
690 2505 914 2546 Bernardi
940 2505 1331 2547 claraevallensis
1354 2507 1692 2548 Meditationes.
1730 2507 1875 2548 »Multi
1897 2510 2032 2549 multa

162 2562 330 2601 sciunt«
366 2562 411 2600 ><
444 2561 593 2615 »Expl.
627 2564 739 2603 med.
774 2565 813 2604 b.
847 2563 1086 2604 Bernhardi
1120 2576 1197 2616 per
1226 2576 1386 2606 manus
1425 2565 1659 2606 Johannis
1701 2567 1756 2606 de
1791 2566 2033 2619 Wlassym

164 2619 265 2660 dieti
289 2649 300 2659 .
326 2649 336 2659 .
361 2649 373 2660 .
398 2621 664 2672 (cognomen
696 2633 871 2662 erasum
903 2624 1001 2671 est).
1034 2621 1133 2675 Day
1164 2634 1266 2663 nam
1298 2623 1437 2663 buoze
1469 2635 1568 2663 swu
1611 2625 1812 2676 mylost.‹

305 2687 333 2729 f.
368 2686 584 2729 71¹³2—'72b
615 2692 827 2740 (anepigr.)
856 2690 979 2731 Vitae
1013 2695 1264 2732 sanctorum
1312 2692 1499 2741 Priscae,
1551 2692 1718 2742 Kiliani‚
1765 2694 2034 2745 Apolloniae,

166 2743 467 2786 Scholasticae
498 2749 560 2796 (in
591 2747 678 2788 fine
709 2751 899 2799 manca).

309 2814 336 2856 f.
371 2814 611 2856 73121—147¹³
643 2816 854 2869 Gregorii
883 2829 1029 2870 papae
1059 2818 1079 2859 1
1111 2819 1409 2870 Dialogorum
1438 2819 1543 2860 libri
1572 2819 1647 2860 IV.
1711 2820 1938 2873 »Quadam
1970 2822 2038 2861 die

166 2875 309 2913 nimiis
342 2873 618 2925 quorundam
651 2877 934 2916 secularium«
973 2878 1023 2928 ><
1061 2876 1270 2929 »Explicit
1300 2877 1405 2917 liber
1445 2878 1734 2930 dyalogorum
1767 2879 1806 2919 b.
1840 2878 2036 2931 Gregorii

168 2941 245 2982 per
274 2942 435 2971 manus
468 2931 699 2974 Johannis
731 2934 786 2974 de
815 2934 1097 2987 Wlassym.«

310 2999 339 3040 f.
377 2998 650 3042 147“’---2Ο7ἰ
680 3001 901 3044 Eiusdem
930 3004 1067 3045 Liber
1095 3004 1359 3056 pastoralis.
1405 3004 1527 3056 (Post
1557 3005 1869 3056 praefationem
1902 3010 1943 3046 et
1974 3018 2043 3046 re-

169 3060 352 3109 gistrum
385 3061 573 3111 incipitt)
636 3059 895 3101 »Pastoralis
938 3074 1039 3102 cure
1081 3063 1301 3114 pondera«
1339 3063 1390 3112 ><
1427 3065 1512 3102 »tui
1553 3066 1689 3103 meriti
1721 3075 1879 3104 manus
1910 3065 2039 3105 levet.

170 3116 353 3156 Amen«
391 3114 563 3166 (Scriba
594 3122 662 3158 est
691 3119 806 3158 idem
837 3119 1062 3160 johannes
1096 3121 1149 3160 de
1181 3118 1427 3171 Wlassim.)

309 3197 448 3236 Codici
480 3199 572 3236 huic
603 3201 695 3237 olim
726 3203 981 3250 praeligatum
1012 3208 1094 3240 erat
1124 3204 1423 3241 instrumentum
1456 3205 1655 3251 quoddam
1691 3205 1892 3252 publicum
1923 3207 1970 3242 de
2002 3216 2038 3243 a.

175 3257 304 3303 1390,
336 3259 443 3304 quod
475 3268 592 3304 nunc,
639 3265 682 3295 ut
710 3257 847 3297 Hanus
879 3261 1198 3299 bibliothecarius
1229 3263 1269 3297 in
1302 3262 1485 3308 operculo
1533 3266 1749 3309 annotavit,
1794 3265 1835 3299 in
1882 3263 2039 3299 archivo

172 3319 314 3351 nostro
348 3320 583 3352 asservatur.
615 3315 741 3353 Vetus
773 3319 872 3364 sign.
903 3318 952 3365 K,
987 3320 1053 3356 28.

1078 3465 1147 3498 323
1845 3449 1898 3484 2¹*
