2476 3782
1236 286 1317 327 712

480 423 573 476 712
921 423 1011 473 IV.
1050 425 1101 473 F.
1141 427 1186 473 6.
1228 436 1425 478 (Y.111.3
1462 445 1492 467 n.
1524 433 1591 477 11.)

341 505 488 546 chart.
518 515 634 546 saec.
666 503 755 545 XV
771 503 836 556 ff.
869 505 966 554 281,
998 506 1159 546 21·5><
1178 507 1236 548 15
1250 519 1334 547 cm.
1370 506 1410 546 d.
1444 518 1500 545 m.

343 584 481 636 (Mag.
536 585 802 626 Wenceslai
858 587 913 626 de
972 585 1200 628 Drachow
1215 587 1253 639 ?)
1319 587 1568 627 Sermones
1628 584 1926 625 dominicales
1989 593 2071 633 per
2120 581 2207 623 cir-

342 643 498 683 culum
530 643 639 683 anni
685 643 923 684 bohemice
963 644 1452 751 passimvsixgzipxffgci.
1487 638 1679 696 (Kazam'
1707 637 1910 682 latinska
1940 651 1964 680 s
1996 635 2206 691 eeskyrmi

487 770 531 806 In
564 772 746 817 operculo
789 782 919 820 super.
958 774 1054 809 haee
1086 778 1179 810 nota
1208 775 1380 810 radendo
1411 773 1611 819 paululum
1644 772 1752 808 laesa
1783 772 1968 807 occurrit:
2020 768 2208 805 »Postilla

343 827 444 874 Mgri
475 827 701 865 Wenceslai
742 830 791 865 de
831 829 1026 866 Drachow
1057 841 1172 878 super
1203 832 1388 878 epistolas
1421 842 1443 866 a
1474 831 1571 866 festo
1612 840 1729 876 pasce
1760 839 1883 873 usque
1916 830 1964 864 ad
1995 829 2206 863 adventum

342 896 410 932 pro
438 915 445 923 .
474 915 482 922 .
511 915 520 923 .
545 897 625 922 sex.
659 898 740 932 gr.‹
777 887 860 923 Hac
892 892 997 932 nota,
1030 899 1266 935 quamquam
1298 889 1426 924 minus
1459 892 1636 923 accurate
1669 887 1828 923 titulum
1866 886 2055 932 exprimit,
2088 894 2207 930 agno-

343 943 491 979 scimus
524 948 722 980 auctorem
752 947 883 990 potius
925 957 1041 992 quam
1082 956 1348 993 possessorem
1391 945 1488 982 libri.
1534 944 1609 981 Sed
1642 945 1831 980 sermonis
1863 943 1975 989 primi
2011 943 2075 978 »in
2106 942 2205 978 festo

342 1011 485 1047 pasce«
523 1001 546 1038 f.
586 999 733 1037 1⁸—2b
766 1007 963 1038 auctorem
997 1003 1117 1039 fuisse
1150 1002 1421 1050 Czapkonem
1453 1004 1647 1049 quendam
1680 1000 1913 1050 (Johannem
1935 1001 2157 1037 Taboritam
2171 999 2207 1046 ἲ)

344 1062 437 1094 nota
467 1060 507 1094 in
540 1059 563 1096 f.
600 1059 672 1095 82·
702 1061 921 1098 edocemur.
954 1060 1156 1108 Operculis
1189 1062 1358 1107 adligata
1380 1065 1471 1096 sunt
1492 1060 1706 1106 fragmenta
1729 1060 1887 1096 membr.
1910 1058 2084 1094 Missalis
2101 1067 2204 1094 saec.

343 1115 447 1162 XIV,
490 1118 530 1152 in
573 1127 737 1163 quorum
781 1118 900 1154 altero
947 1122 1122 1155 notatum
1164 1123 1222 1154 est
1252 1123 1448 1165 receptum
1490 1118 1736 1153 bohemicum
1771 1121 1932 1152 »contra
1963 1115 2206 1162 paralisim«.

342 1174 466 1209 Vetus
499 1177 599 1220 sign.
633 1174 676 1219 B,
712 1175 777 1211 25.

484 1263 578 1316 713
938 1264 1027 1314 IV.
1063 1266 1118 1314 F.
1158 1266 1199 1316 7.
1243 1276 1302 1318 (Y.
1328 1277 1355 1310 1.
1383 1276 1415 1310 2.
1440 1286 1474 1309 n.
1499 1277 1571 1316 35.)

343 1345 487 1385 chart.
518 1356 633 1385 saec.
664 1345 757 1385 XV
766 1346 827 1399 ff
859 1346 957 1394 238,
987 1347 1267 1387 21·5><15·5
1293 1359 1375 1387 cm.
1409 1347 1448 1387 d.
1486 1359 1543 1386 m.
1577 1358 1680 1386 cum
1713 1345 1806 1385 init.
1831 1344 1935 1397 pict.

345 1425 563 1478 (Thomae
603 1425 938 1478 Erfordiensis)
984 1426 1224 1468 Tractatus
1267 1429 1321 1468 de
1362 1427 1512 1468 modis
1549 1426 1842 1478 significandi
1873 1423 2206 1467 commentario

1012 1485 1243 1526 uberrimo
1276 1485 1547 1526 instructus.

490 1553 516 1592 f.
556 1554 598 1591 1a
631 1555 767 1601 (Incip.
811 1557 1036 1602 comment.)
1086 1555 1372 1606 »Alphrabius
1413 1557 1455 1593 in
1497 1555 1602 1593 libro
1645 1553 1698 1592 de
1740 1557 1835 1592 ortu
1879 1554 2060 1592 scribit«
2097 1551 2123 1591 f.
2158 1551 2210 1590 2³

344 1611 484 1658 (Incip.
518 1614 722 1657 tractatus)
759 1610 1001 1662 »Quoniam
1033 1615 1177 1651 autem
1210 1613 1441 1663 intelligere
1473 1615 1515 1651 et
1547 1614 1681 1651 scire«
1721 1612 1769 1660 ><
1804 1611 1829 1650 f.
1864 1610 1970 1650 238³
2006 1610 2084 1649 »Et
2124 1611 2205 1649 hec

345 1668 398 1707 de
445 1669 727 1718 passionibus
775 1672 991 1708 sermonis
1040 1669 1153 1709 dieta
1203 1670 1461 1710 sufficiant«
1510 1671 1765 1717 (commentz)
1816 1672 1875 1708 »si
1918 1671 2092 1720 questio
2139 1670 2207 1707 est

344 1725 604 1776 imperfecta.
639 1726 693 1765 Et
722 1729 763 1765 in
797 1727 880 1766 hoe
913 1729 1163 1766 terminatur
1194 1739 1368 1767 summa
1398 1728 1528 1766 huius
1560 1727 1686 1765 libri«

489 1796 691 1843 Operculis
731 1798 903 1843 adligata
944 1800 1037 1834 sunt
1076 1798 1290 1844 fragmenta
1330 1800 1541 1835 membran.
1585 1799 1733 1834 codicis
1778 1799 1982 1834 cuiusdam
2023 1797 2207 1834 hebraici.

331 1855 466 1890 -Vetus
499 1858 598 1901 sign.
629 1854 715 1892 libr.
749 1854 879 1891 Carol.
913 1855 952 1900 S,
990 1856 1054 1902 14,
1085 1855 1133 1893 K.

484 1955 583 2008 714
931 1956 1023 2004 IV.
1061 1956 1114 2005 F.
1151 1957 1198 2005 8.
1243 1967 1302 2007 (Y.
1329 1969 1355 2000 J.
1380 1969 1412 2000 2.
1439 1979 1473 2001 n.
1497 1970 1570 2010 39.)

344 2037 488 2078 chart.
521 2050 564 2078 a.
595 2037 882 2077 1456—1458
909 2037 959 2090 ff.
989 2037 1071 2078 241
1103 2050 1243 2088 num„
1272 2039 1548 2079 2l·5><15·5
1566 2051 1648 2079 cm.
1682 2039 1722 2077 d.
1755 2050 1814 2077 m.
1847 2049 1950 2077 cum
1983 2037 2074 2076 init.
2100 2037 2208 2089 pict.

489 2118 514 2157 f.
554 2115 734 2157 12—381’
767 2117 1076 2170 Quaestiones
1094 2129 1235 2169 super
1254 2118 1644 2159 Praedicabilibus
1667 2118 1923 2169 Porphyrii.
1951 2116 2102 2158 »Circa
2131 2121 2207 2158 ini-

347 2179 460 2214 cium
507 2176 596 2214 libri
645 2176 801 2226 predic.
851 2176 1030 2227 Porph.«
1070 2177 1120 2226 ><
1157 2175 1236 2215 »Et
1267 2179 1329 2216 sic
1361 2177 1544 2216 habetur
1574 2179 1751 2216 materia
1781 2186 2075 2227 ysagogarum
2108 2175 2208 2215 Por-

346 2234 479 2284 phirii.
514 2233 577 2272 Fit
606 2233 745 2273 finis«

492 2291 517 2330 f.
551 2288 767 2330 392—7012
799 2290 1111 2342 Quaestiones
1143 2301 1284 2341 super
1313 2291 1709 2331 Praedicamentis
1740 2290 2020 2331 Aristotelis.
2060 2289 2208 2331 »Circa

347 2351 521 2387 inicium
554 2349 645 2387 libri
677 2348 838 2388 Predic.
873 2348 1048 2388 Aristot.
1082 2352 1281 2388 movetur
1312 2352 1450 2399 primo
1482 2352 1652 2401 questio
1684 2349 1804 2387 talis«
1843 2349 1894 2399 ><
1933 2348 2010 2388 »Et
2041 2349 2122 2388 hec
2154 2349 2207 2388 de

348 2408 574 2458 questione
607 2410 648 2445 et
679 2417 755 2457 per
785 2417 1064 2457 consequens
1097 2406 1150 2444 de
1183 2410 1271 2445 toto
1304 2407 1408 2446 libro
1441 2406 1859 2458 predicamentorum
1893 2406 2020 2446 Arist.
2044 2406 2208 2446 Finitus

347 2467 389 2503 in
422 2467 577 2502 octava
609 2475 643 2503 s.
678 2462 871 2514 Gregorii
903 2475 978 2514 per
1008 2474 1078 2502 me
1109 2463 1399 2514 M(artinum)
1430 2463 1485 2504 de
1518 2463 1771 2515 Gslatovia)
1803 2464 2025 2503 sabbato«

490 2521 516 2560 f.
550 2521 763 2561 7121—80a
806 2520 1115 2573 Quaestiones
1147 2532 1288 2571 super
1318 2521 1411 2561 Sex
1440 2520 1680 2572 principiis
1723 2520 1914 2561 Gilberti
1953 2521 2206 2562 Porretani.

352 2578 503 2619 »Circa
542 2581 716 2618 inicium
759 2590 839 2618 sex
870 2581 1047 2629 princip.
1080 2579 1278 2618 Poretani
1326 2582 1542 2630 episcopi«
1581 2580 1631 2629 ><
1669 2579 1748 2618 »Et
1778 2580 1858 2618 hec
1892 2579 1944 2618 de
1977 2582 2205 2630 questione

347 2641 388 2675 et
419 2648 494 2687 per
524 2647 802 2687 consequens
835 2636 888 2675 de
920 2640 1009 2675 toto
1055 2637 1160 2675 libro
1203 2647 1282 2676 sex
1323 2639 1455 2687 princ.
1499 2635 1673 2676 Gilberti
1716 2639 1849 2687 episc.
1897 2636 2107 2682 Poretani‚
2140 2640 2209 2677 cui

347 2695 445 2734 finis
476 2696 706 2744 impositus
738 2697 805 2733 est
835 2697 878 2733 in
909 2694 1052 2744 vigilia
1081 2697 1439 2734 annunciacionis
1482 2706 1516 2732 s.
1549 2693 1682 2733 Marie
1723 2706 1761 2734 a.
1796 2695 1836 2735 d.
1873 2692 1982 2734 1456
2029 2706 2105 2746 per
2135 2706 2205 2734 me

346 2751 596 2791 Martinum
629 2752 684 2791 de
716 2750 931 2791 Glatovia
970 2755 1150 2802 protunc
1183 2754 1225 2790 in
1257 2752 1436 2803 collegio
1460 2750 1654 2792 Caroni«

492 2809 518 2847 f.
552 2806 767 2849 80b—85b
809 2808 1120 2861 Quaestiones
1162 2819 1302 2859 super
1341 2809 1457 2849 libro
1500 2808 1785 2849 divisionum
1815 2809 2009 2851 Boethii.
2059 2809 2210 2850 »Circa

346 2869 518 2906 inicium
552 2867 642 2905 libri
675 2867 797 2906 divis,
831 2867 1007 2922 Bohecii
1038 2870 1236 2906 movetur
1266 2869 1403 2918 primo
1435 2869 1630 2918 questio«
1659 2867 1709 2916 ><
1737 2866 1815 2906 »Et
1845 2868 1925 2906 hee
1958 2868 2011 2906 de
2045 2870 2206 2919 questi-

349 2935 455 2963 one«
494 2928 572 2963 ete.

491 2981 516 3020 f.
551 2978 794 3021 gssa—logb
827 2981 1136 3034 Quaestiones
1168 2992 1309 3032 super
1339 2981 1470 3021 libris
1512 2981 1878 3029 perihermenias
1924 2981 2206 3022 Aristotelis.

352 3040 421 3079 »In
465 3041 671 3090 principio
717 3039 807 3078 libri
854 3042 1201 3091 peryermenias‹
1240 3039 1291 3090 ><
1329 3038 1406 3078 »Et
1450 3039 1531 3077 hee
1587 3039 1640 3078 de
1691 3042 1918 3090 questione
1954 3071 1962 3078 .
1997 3071 2004 3078 .
2040 3072 2047 3078 .
2096 3040 2211 3080 dicta

349 3096 603 3136 sufficiant.‹

344 3154 347 3155 ⁷
493 3153 517 3193 f.
558 3151 825 3194 109'0—143b
873 3153 1183 3205 Quaestiones
1230 3164 1370 3204 super
1403 3152 1615 3193 Priorum
1651 3153 1993 3205 analyticorum
2028 3154 2207 3194 Aristo-

348 3211 467 3251 telis.
507 3210 656 3250 »Circa
686 3214 861 3250 inicium
892 3214 1014 3262 primi
1046 3212 1136 3250 libri
1170 3213 1384 3262 priorum«
1421 3211 1472 3262 ><
1510 3210 1588 3250 »Et
1618 3211 1699 3250 hec
1733 3211 1786 3250 de
1821 3215 2048 3263 questione
2071 3215 2113 3251 et
2134 3223 2210 3262 per

350 3280 629 3319 consequens
670 3269 723 3307 de
757 3273 846 3307 toto
878 3268 915 3308 2.
950 3269 1056 3308 libro
1089 3271 1278 3319 priorum
1310 3280 1346 3307 a.
1381 3268 1420 3308 d.
1458 3266 1592 3307 1458«
1628 3299 1638 3307 .
1672 3298 1681 3308 .
1715 3299 1723 3307 .

1247 3416 1313 3448 284
