2476 3782
1295 298 1378 339 249

547 439 572 478 f.
607 434 800 477 ‘zo—74¹>
844 437 1068 478 Maiestas
1109 437 1339 479 Carolina.
1392 437 1482 478 »De
1527 438 1614 478 fide
1660 439 1887 479 katholica.
1934 437 2267 478 Sanctissimam

403 499 654 537 trinitatem«
692 497 734 533 ><
771 495 912 536 »Finis
945 496 1011 535 die
1045 494 1217 536 Saturni
1248 500 1348 536 ante
1379 498 1682 536 invencionem
1715 508 1750 536 s.
1785 499 1926 536 crucis
1949 494 2058 535 1467
2098 506 2182 547 per
2210 493 2269 536 V.

402 554 457 594 de
487 554 567 594 H.«
603 555 666 602 (ln
698 554 836 593 fronte
882 554 1011 593 huius
1057 557 1199 605 operis
1240 557 1424 594 occurrit
1465 555 1610 594 titulus
1651 566 1785 594 manu
1818 565 1932 593 saec.
1966 552 2079 594 XVII
2118 555 2266 593 inscri-

401 615 523 664 ptus:
557 611 899 652 Constitutiones
922 610 1063 652 Caroli
1084 611 1139 652 IV
1169 613 1237 651 vel
1258 611 1360 651 Jura
1381 616 1516 651 terrae
1538 611 1803 661 Bohemiae).
1824 611 1888 652 Cf.
1911 608 2091 660 Jirecek,
2114 609 2270 652 Codex

397 671 506 722 jum's
539 670 637 709 boh.
671 669 717 717 ΙΙ,
751 669 776 708 2
809 681 848 720 p.
887 668 977 709 109.

545 728 572 766 f.
607 725 852 768 75b—1622
880 726 952 767 Fr.
983 726 1171 767 Martini
1201 726 1547 778 poenitentiarii
1577 727 1616 768 d.
1639 738 1785 778 papae
1807 730 1854 767 et
1874 725 2102 777 capellani
2124 725 2267 766 Chro—

401 785 505 826 nica
536 785 694 837 (vulgo
727 785 848 825 dicta
877 784 1193 836 Martimiani).
1231 784 1403 837 »Quum
1446 787 1554 825 scire
1587 789 1782 837 tempora
1825 795 2097 824 summorum
2130 785 2290 835 ponti--

400 843 558 883 ficum«
584 843 628 881 ><
655 843 861 894 »Explicit
891 846 1064 883 cronica
1093 842 1367 883 Martimiana
1398 855 1436 883 a.
1472 842 1581 882 1468
1612 843 1685 883 fer.
1719 843 1769 883 III
1798 846 1840 882 in
1861 843 2003 894 vigilia
2024 841 2264 893 Epiphanie

400 904 443 941 in
475 899 642 953 Gurym
675 901 833 941 finitas

544 971 736 1019 Operculo
768 983 895 1019 super.
929 973 1143 1019 adligatum
1174 976 1232 1008 est
1264 973 1421 1008 membr.
1455 972 1710 1019 fragmentum
1741 973 1975 1016 testamenti,
2005 981 2083 1018 quo
2114 970 2270 1017 Marga-

399 1034 480 1066 reta
511 1033 709 1076 quondam
739 1030 859 1067 Ulrici
889 1029 1080 1076 Wulfingi
1111 1031 1245 1066 relicta
1276 1032 1322 1066 de
1353 1031 1469 1066 rebus
1501 1030 1584 1066 suis
1616 1030 1802 1076 disponit,
1826 1031 1905 1066 dat.
1928 1029 2072 1075 Pragae
2094 1040 2128 1066 a.
2159 1028 2235 1065 139
2251 1028 2269 1064 ?‘

399 1087 430 1124 E
462 1093 629 1126 monast.
662 1087 916 1126 Trebonensi.

538 1200 648 1253 249
1204 1202 1243 1250 I.
1281 1201 1333 1249 F.
1373 1200 1454 1249 17.

397 1296 542 1337 chart.
573 1307 688 1336 saec.
720 1293 886 1335 XVIII
908 1294 967 1334 in.
983 1294 1046 1348 ff
1077 1294 1164 1335 153
1191 1294 1335 1347 (ΞΜ.
1365 1293 1482 1347 305),
1515 1293 1704 1335 20><16
1736 1306 1817 1334 cm.
1852 1294 1891 1334 d.
1924 1305 1984 1333 m.

541 1377 568 1418 f.
607 1377 742 1416 1-43
774 1379 846 1425 (z
866 1388 934 1428 pp.
973 1376 1126 1425 1—86)
1160 1375 1489 1416 Calendarium
1530 1375 1904 1416 ecclesiasticum
1943 1386 2027 1425 pro
2060 1373 2270 1415 cartusia

396 1435 683 1476 Waldicensi
716 1435 1027 1485 compositum
1059 1445 1166 1474 cum
1196 1433 1460 1474 directorio.

540 1504 568 1544 f.
600 1504 799 1544 46-122
832 1506 906 1553 (z
923 1515 992 1555 pp.
1011 1503 1230 1552 91—244)
1252 1502 1566 1543 Directorium
1581 1502 1785 1543 lecturae
1803 1501 2039 1543 refectorii
2057 1501 2264 1543 Cartusi-

397 1574 830 1661 anorufm⁸125—136
862 1622 935 1668 (z
952 1631 1022 1671 pp.
1056 1618 1302 1667 249—272)
1332 1618 1512 1658 Alberti
1542 1617 1745 1658 Hoefter
1774 1616 2089 1658 Directorium
2119 1615 2265 1658 offleii

397 1678 621 1718 sacristae
654 1710 662 1718 .
697 1709 706 1717 .
740 1708 750 1717 .
782 1678 1009 1717 collectum
1055 1680 1169 1716 circa
1209 1688 1246 1716 a.
1298 1675 1407 1716 1698
1453 1679 1495 1716 in
1527 1678 1715 1716 cartusia
1746 1674 2041 1716 Gemnicensi.
2086 1673 2265 1727 Singula

397 1749 423 1776 a
454 1736 615 1776 Bened.
647 1735 890 1775 Widerholt
919 1737 1061 1774 revisa
1092 1738 1134 1774 et
1164 1734 1417 1785 approbata

541 1804 830 1846 f.138—143
862 1807 934 1853 (z
953 1816 1021 1855 pp.
1055 1803 1299 1848 277—286>
1329 1802 1436 1844 Idea
1466 1803 1656 1854 perfecti
1686 1803 1850 1843 vicarii
1880 1803 2074 1854 eiusque
2095 1802 2264 1854 Alpha·

397 1864 553 1904 betum
584 1875 777 1903 aureum
807 1875 833 1902 a
863 1865 1175 1902 commissariis
1221 1861 1587 1901 A.M1ttenta11er
1619 1893 1626 1900 .
1663 1895 1669 1900 .
1704 1864 1745 1900 et
1775 1861 1867 1901 Joa
1903 1861 1949 1901 B.
1985 1860 2217 1901 Schmall.

395 1925 439 1962 in
470 1924 658 1961 cartusia
690 1920 969 1960 Gemnicensi
1003 1952 1011 1960 .
1047 1952 1054 1959 .
1088 1932 1125 1959 a.
1162 1917 1271 1959 1677
1304 1950 1314 1959 .
1348 1950 1358 1959 .
1392 1919 1655 1959 derelictum.

540 1991 566 2031 f.
605 1990 828 2032 144—145
860 1993 934 2038 (z
951 2001 1019 2041 pp.
1054 1988 1300 2036 287—290)
1323 1988 1524 2040 Quinque
1552 1991 1858 2028 annotationes
1879 1999 2013 2039 super
2028 1989 2207 2027 nomina
2222 1990 2265 2027 et

395 2049 529 2089 verba
559 2049 760 2088 hebraico
792 2049 860 2087 vel
891 2049 1020 2087 latino
1053 2047 1186 2086 modo
1219 2047 1560 2098 pronuncianda.

539 2117 565 2157 f.
605 2116 827 2156 146—153
851 2116 921 2167 (z
940 2128 1008 2167 pp.
1033 2115 1279 2164 291—305)
1296 2115 1500 2156 Musices
1530 2115 1730 2155 choralis
1752 2114 1955 2155 Medulla
1986 2114 2086 2155 sive
2114 2113 2263 2154 totius

396 2179 562 2216 cantus
595 2174 868 2225 Gregoriani
899 2205 909 2213 .
943 2206 951 2214 .
986 2204 996 2213 .
1026 2173 1213 2213 traditio
1245 2173 1301 2213 ad
1332 2184 1471 2213 usum
1502 2184 1537 2213 s.
1563 2173 1659 2213 ord.
1677 2172 1992 2214 Cartusiensis
2015 2182 2265 2212 accommo-

397 2234 498 2273 data
529 2237 570 2273 et
601 2236 861 2272 concinnata
893 2235 934 2271 in
967 2234 1156 2271 cartusia
1188 2230 1403 2270 Seitzensi
1435 2243 1471 2271 a.
1510 2231 1630 2271 1699.
1664 2231 1752 2280 (Ad
1789 2231 1978 2270 calcem:
2015 2229 2262 2281 ›Descripsi

395 2293 512 2331 hunc
544 2291 729 2330 libellum
770 2293 813 2330 in
855 2292 1043 2329 cartusia
1084 2288 1126 2329 S.
1159 2288 1383 2329 Trinitatis
1415 2300 1548 2340 prope
1580 2288 1783 2336 Brunam,
1828 2288 1955 2328 nobis
1987 2300 2043 2327 ex
2074 2289 2264 2327 cartusia

396 2348 610 2389 Seitzensi
642 2351 951 2387 transmissum
982 2350 1025 2387 et
1054 2347 1214 2386 ibidem
1236 2347 1510 2398 probabiliter
1530 2349 1657 2386 etiam
1675 2348 1970 2397 compositum
1992 2358 2030 2387 a.
2057 2343 2209 2385 1727«.
2229 2343 2261 2396 .)

543 2409 586 2445 In
617 2408 682 2445 fol.
715 2419 794 2444 non
826 2418 931 2445 num.
963 2409 1063 2444 inter
1092 2418 1155 2453 pp.
1191 2408 1271 2444 290
1304 2411 1341 2442 et
1373 2406 1450 2442 291
1496 2407 1657 2452 inligato
1700 2406 1894 2442 occurrit:
1942 2405 2082 2452 »Lapis
2112 2404 2262 2451 Lydius

396 2467 567 2503 exercitii
600 2466 812 2512 spiritualis
854 2465 896 2502 R.
940 2465 979 2503 Ρ.
1022 2464 1240 2501 Innocentii
1273 2465 1323 2501 Le
1354 2464 1517 2500 Masson
1548 2464 1740 2511 generalis
1773 2465 1921 2500 ordinis
1954 2462 2256 2500 Cartusiensis«

396 2525 534 2561 Cetera
564 2524 657 2560 folia
686 2526 873 2570 paginata
901 2533 1028 2559 vacua
1058 2526 1162 2560 sunt.
1196 2523 1385 2569 Operibus
1429 2532 1548 2568 supra
1577 2521 1783 2558 recensitis
1815 2521 2029 2568 praeligata
2060 2524 2151 2557 sunt
2181 2521 2260 2556 duo

395 2583 489 2619 folia
519 2593 598 2618 non
630 2593 751 2628 num„
784 2591 949 2627 quorum
980 2581 1020 2616 in
1042 2580 1161 2616 altero
1193 2581 1341 2628 aliquot
1372 2590 1510 2616 versus
1542 2581 1614 2615 sub
1644 2579 1758 2616 titulo
1785 2579 1986 2615 »Provisio
2003 2589 2073 2625 pro
2090 2582 2262 2614 extrema

396 2651 509 2677 sacra
550 2642 758 2676 unctione«
804 2640 936 2685 scripti
977 2642 1081 2685 sunt,
1125 2638 1234 2675 alteri
1275 2649 1365 2675 vero
1408 2638 1670 2683 adglutinatae
1714 2637 1735 2673 2
1779 2637 1969 2683 imagines
2012 2647 2035 2672 a
2066 2635 2191 2672 Groos
2223 2638 2260 2671 et

395 2698 490 2734 Phil.
522 2698 653 2734 Kilian
685 2697 872 2743 sculptae.
906 2696 997 2732 Sine
1028 2696 1148 2732 dubio
1180 2707 1199 2732 e
1232 2697 1403 2733 cartusia
1432 2695 1689 2734 Waldicensi.

536 2811 646 2863 250
1213 2809 1251 2857 I.
1289 2809 1342 2857 F.
1383 2808 1461 2856 18.

396 2903 538 2944 chart.
570 2916 683 2945 saec.
716 2905 808 2945 XV
832 2905 892 2958 ff.
922 2904 1020 2953 320,
1051 2902 1102 2943 21
1123 2903 1243 2942 ><15
1269 2913 1366 2948 cm„
1425 2900 1678 2940 maximam
1702 2901 1884 2952 partem
1933 2911 1963 2939 a
2025 2895 2167 2940 cruce
2207 2898 2259 2938 de

403 2961 521 3002 Telcz
552 2965 781 3003 exaratus.

539 3043 619 3082 f.1
630 3041 784 3083 —17b
815 3043 874 3083 M.
905 3042 1117 3092 Procopii
1139 3042 1193 3081 de
1220 3040 1466 3080 Kladrowa
1488 3039 1594 3092 (sic)
1617 3039 1769 3078 decani
1792 3039 1946 3078 eccles,
1973 3038 2095 3089 Prag.
2120 3036 2257 3077 Trac-

392 3103 520 3140 tatus
552 3101 606 3140 de
638 3101 883 3152 septuplici
915 3099 1181 3150 acceptione
1212 3098 1354 3138 huius
1386 3097 1591 3138 nominis
1623 3096 1820 3137 ecclesia
1863 3098 1909 3135 et
1950 3096 2005 3136 de
2051 3105 2257 3136 commu-

395 3158 537 3198 nione
582 3158 724 3198 unius
770 3158 953 3210 speciei.
1017 3157 1145 3205 (Huic
1192 3159 1387 3195 tractatui
1429 3158 1617 3195 insertus
1660 3157 1727 3193 est
1766 3152 2144 3193 alterf.1b—6⁸:
2194 3151 2255 3192 M.

395 3215 598 3311 Simonis
631 3216 685 3256 de
716 3216 933 3256 Tissnow
961 3215 1202 3255 Tractatus
1235 3213 1289 3253 de
1322 3212 1552 3264 ecclesia).
1618 3211 1826 3263 »Spiritus
1858 3211 2087 3251 manifeste
2120 3210 2251 3250 dicit«

475 3274 555 3313 »ad
586 3277 718 3313 vitam
750 3278 940 3313 eternam
971 3273 1153 3312 fideliter
1184 3273 1445 3323 pervenire«

1298 3420 1361 3452 100
