<?xml version="1.0" encoding="UTF-8"?>
<!DOCTYPE html PUBLIC "-//W3C//DTD XHTML 1.0 Transitional//EN"
    "http://www.w3.org/TR/xhtml1/DTD/xhtml1-transitional.dtd">
<html xmlns="http://www.w3.org/1999/xhtml" xml:lang="en" lang="en">
 <head>
  <title>
</title>
<meta http-equiv="Content-Type" content="text/html;charset=utf-8" />
  <meta name='ocr-system' content='tesseract 3.04.00' />
  <meta name='ocr-capabilities' content='ocr_page ocr_carea ocr_par ocr_line ocrx_word'/>
</head>
<body>
  <div class='ocr_page' id='page_1' title='image "./cataloguscodicum01praguoft_0030.png"; bbox 0 0 2476 3782; ppageno 0'>
   <div class='ocr_carea' id='block_1_1' title="bbox 1265 326 1321 367">
    <p class='ocr_par' dir='ltr' id='par_1_1' title="bbox 1265 326 1321 367">
     <span class='ocr_line' id='line_1_1' title="bbox 1265 326 1321 367; baseline 0.018 -1"><span class='ocrx_word' id='word_1_1' title='bbox 1265 326 1321 367; x_wconf 84' lang='lat'><strong>20</strong></span> 
     </span>
    </p>
   </div>
   <div class='ocr_carea' id='block_1_2' title="bbox 364 462 2225 558">
    <p class='ocr_par' dir='ltr' id='par_1_2' title="bbox 364 462 2225 558">
     <span class='ocr_line' id='line_1_2' title="bbox 437 462 2225 556; baseline 0.006 -58"><span class='ocrx_word' id='word_1_2' title='bbox 437 462 592 556; x_wconf 55' lang='grc' dir='ltr'><strong>1ρῖἔὲηο</strong></span> <span class='ocrx_word' id='word_1_3' title='bbox 635 464 715 500; x_wconf 87' lang='lat' dir='ltr'><strong>dati</strong></span> <span class='ocrx_word' id='word_1_4' title='bbox 761 475 795 500; x_wconf 85' lang='lat' dir='ltr'><strong>a.</strong></span> <span class='ocrx_word' id='word_1_5' title='bbox 838 466 1088 512; x_wconf 80' lang='lat' dir='ltr'>compilatore</span> <span class='ocrx_word' id='word_1_6' title='bbox 1130 468 1221 504; x_wconf 86' lang='lat' dir='ltr'><strong>bibl.</strong></span> <span class='ocrx_word' id='word_1_7' title='bbox 1263 468 1417 514; x_wconf 89' lang='lat' dir='ltr'><strong>collegii</strong></span> <span class='ocrx_word' id='word_1_8' title='bbox 1463 469 1501 506; x_wconf 87' lang='lat' dir='ltr'><strong>S.</strong></span> <span class='ocrx_word' id='word_1_9' title='bbox 1545 469 1577 507; x_wconf 90' lang='lat' dir='ltr'><strong>J.</strong></span> <span class='ocrx_word' id='word_1_10' title='bbox 1621 469 1834 517; x_wconf 85' lang='lat' dir='ltr'><strong>Neo-Prag.</strong></span> <span class='ocrx_word' id='word_1_11' title='bbox 1879 473 1926 507; x_wconf 87' lang='lat' dir='ltr'><strong>ad</strong></span> <span class='ocrx_word' id='word_1_12' title='bbox 1959 470 1998 509; x_wconf 89' lang='lat' dir='ltr'><strong>S.</strong></span> <span class='ocrx_word' id='word_1_13' title='bbox 2031 471 2225 518; x_wconf 88' lang='lat' dir='ltr'><strong>Ignatium</strong></span> 
     </span>
     <span class='ocr_line' id='line_1_3' title="bbox 364 530 556 558; baseline 0.005 -3"><span class='ocrx_word' id='word_1_14' title='bbox 364 531 397 558; x_wconf 83' lang='lat' dir='ltr'><strong>a.</strong></span> <span class='ocrx_word' id='word_1_15' title='bbox 466 530 479 557; x_wconf 71' lang='lat' dir='ltr'><em>t</em></span> <span class='ocrx_word' id='word_1_16' title='bbox 549 549 556 556; x_wconf 94' lang='lat'><strong>.</strong></span> 
     </span>
    </p>
   </div>
   <div class='ocr_carea' id='block_1_3' title="bbox 503 631 1414 686">
    <p class='ocr_par' dir='ltr' id='par_1_3' title="bbox 503 631 1414 686">
     <span class='ocr_line' id='line_1_4' title="bbox 503 631 1414 686; baseline 0.003 -3"><span class='ocrx_word' id='word_1_17' title='bbox 503 631 717 686; x_wconf 86' lang='lat'><strong>20—22</strong></span> <span class='ocrx_word' id='word_1_18' title='bbox 1154 636 1191 686; x_wconf 94' lang='lat' dir='ltr'><strong>I.</strong></span> <span class='ocrx_word' id='word_1_19' title='bbox 1232 637 1292 686; x_wconf 87' lang='lat' dir='ltr'><strong>A.</strong></span> <span class='ocrx_word' id='word_1_20' title='bbox 1333 638 1414 686; x_wconf 80' lang='lat'><strong>15.</strong></span> 
     </span>
    </p>
   </div>
   <div class='ocr_carea' id='block_1_4' title="bbox 362 712 2227 824">
    <p class='ocr_par' dir='ltr' id='par_1_4' title="bbox 362 712 2227 824">
     <span class='ocr_line' id='line_1_5' title="bbox 368 712 2227 785; baseline 0.005 -19"><span class='ocrx_word' id='word_1_21' title='bbox 368 722 542 766; x_wconf 82' lang='lat' dir='ltr'><em>Codices</em></span> <span class='ocrx_word' id='word_1_22' title='bbox 571 712 836 766; x_wconf 68' lang='lat' dir='ltr'><strong>tres&#39;chart.</strong></span> <span class='ocrx_word' id='word_1_23' title='bbox 868 729 1044 779; x_wconf 79' lang='lat' dir='ltr'><em>autogr.</em></span> <span class='ocrx_word' id='word_1_24' title='bbox 1072 740 1114 769; x_wconf 86' lang='grc' dir='ltr'><strong>α.</strong></span> <span class='ocrx_word' id='word_1_25' title='bbox 1138 729 1263 779; x_wconf 85' lang='grc'><em>1751,</em></span> <span class='ocrx_word' id='word_1_26' title='bbox 1295 741 1490 781; x_wconf 78' lang='lat' dir='ltr'><strong>quorum</strong></span> <span class='ocrx_word' id='word_1_27' title='bbox 1521 742 1548 772; x_wconf 83' lang='lat' dir='ltr'><strong>a</strong></span> <span class='ocrx_word' id='word_1_28' title='bbox 1562 731 1624 785; x_wconf 81' lang='lat' dir='ltr'><em>ff</em></span> <span class='ocrx_word' id='word_1_29' title='bbox 1657 733 1755 783; x_wconf 83' lang='lat'><strong><em>290,</em></strong></span> <span class='ocrx_word' id='word_1_30' title='bbox 1773 734 1800 773; x_wconf 94' lang='lat' dir='ltr'>b</span> <span class='ocrx_word' id='word_1_31' title='bbox 1822 733 1919 784; x_wconf 73' lang='grc'><em>343,</em></span> <span class='ocrx_word' id='word_1_32' title='bbox 1954 745 1977 774; x_wconf 91' lang='lat' dir='ltr'><strong>c</strong></span> <span class='ocrx_word' id='word_1_33' title='bbox 2000 734 2085 774; x_wconf 82' lang='lat'><strong>122</strong></span> <span class='ocrx_word' id='word_1_34' title='bbox 2105 746 2227 775; x_wconf 83' lang='lat' dir='ltr'><strong>num.</strong></span> 
     </span>
     <span class='ocr_line' id='line_1_6' title="bbox 362 783 896 824; baseline 0.004 -2"><span class='ocrx_word' id='word_1_35' title='bbox 362 783 422 822; x_wconf 86' lang='grc'><strong>35</strong></span> <span class='ocrx_word' id='word_1_36' title='bbox 436 783 478 819; x_wconf 92' lang='grc'><strong>&gt;&lt;</strong></span> <span class='ocrx_word' id='word_1_37' title='bbox 494 783 551 823; x_wconf 86' lang='grc'><strong>22</strong></span> <span class='ocrx_word' id='word_1_38' title='bbox 582 794 665 822; x_wconf 81' lang='lat' dir='ltr'><strong>cm.</strong></span> <span class='ocrx_word' id='word_1_39' title='bbox 699 784 896 824; x_wconf 82' lang='lat' dir='ltr'><strong>continet.</strong></span> 
     </span>
    </p>
   </div>
   <div class='ocr_carea' id='block_1_5' title="bbox 365 865 2229 973">
    <p class='ocr_par' dir='ltr' id='par_1_5' title="bbox 365 865 2229 973">
     <span class='ocr_line' id='line_1_7' title="bbox 508 865 2229 923; baseline 0.008 -21"><span class='ocrx_word' id='word_1_40' title='bbox 508 866 677 912; x_wconf 85' lang='lat' dir='ltr'><strong>(Titulus</strong></span> <span class='ocrx_word' id='word_1_41' title='bbox 710 876 736 905; x_wconf 88' lang='lat' dir='ltr'><strong>a</strong></span> <span class='ocrx_word' id='word_1_42' title='bbox 765 865 803 905; x_wconf 64' lang='lat'><strong>8&lt;</strong></span> <span class='ocrx_word' id='word_1_43' title='bbox 834 866 901 914; x_wconf 75' lang='lat' dir='ltr'><strong>bt)</strong></span> <span class='ocrx_word' id='word_1_44' title='bbox 943 865 1300 918; x_wconf 88' lang='lat' dir='ltr'><strong>Supplementum</strong></span> <span class='ocrx_word' id='word_1_45' title='bbox 1342 871 1384 908; x_wconf 87' lang='lat' dir='ltr'><strong>in</strong></span> <span class='ocrx_word' id='word_1_46' title='bbox 1424 869 1699 921; x_wconf 87' lang='lat' dir='ltr'>Fragmenta</span> <span class='ocrx_word' id='word_1_47' title='bbox 1740 872 1998 923; x_wconf 89' lang='lat' dir='ltr'><strong>sapientum</strong></span> <span class='ocrx_word' id='word_1_48' title='bbox 2054 878 2229 915; x_wconf 81' lang='lat' dir='ltr'><strong>auctore</strong></span> 
     </span>
     <span class='ocr_line' id='line_1_8' title="bbox 365 921 1213 973; baseline 0.002 -11"><span class='ocrx_word' id='word_1_49' title='bbox 365 921 572 973; x_wconf 84' lang='lat' dir='ltr'><strong>Josepho</strong></span> <span class='ocrx_word' id='word_1_50' title='bbox 603 921 802 964; x_wconf 87' lang='lat' dir='ltr'><strong>Ernesto</strong></span> <span class='ocrx_word' id='word_1_51' title='bbox 833 923 1055 964; x_wconf 86' lang='lat' dir='ltr'><strong>Barisien.</strong></span> <span class='ocrx_word' id='word_1_52' title='bbox 1094 925 1213 964; x_wconf 83' lang='lat'><strong>1751.</strong></span> 
     </span>
    </p>
   </div>
   <div class='ocr_carea' id='block_1_6' title="bbox 510 990 1282 1041">
    <p class='ocr_par' dir='ltr' id='par_1_6' title="bbox 510 990 1282 1041">
     <span class='ocr_line' id='line_1_9' title="bbox 510 990 1282 1041; baseline 0.004 -11"><span class='ocrx_word' id='word_1_53' title='bbox 510 990 638 1031; x_wconf 90' lang='lat' dir='ltr'><strong>Tom.</strong></span> <span class='ocrx_word' id='word_1_54' title='bbox 671 991 699 1031; x_wconf 93' lang='grc' dir='ltr'><strong>Ι.</strong></span> <span class='ocrx_word' id='word_1_55' title='bbox 732 992 883 1041; x_wconf 70' lang='lat' dir='ltr'><strong>A-H,</strong></span> <span class='ocrx_word' id='word_1_56' title='bbox 915 992 1041 1033; x_wconf 91' lang='lat' dir='ltr'><strong>Tom.</strong></span> <span class='ocrx_word' id='word_1_57' title='bbox 1074 993 1119 1034; x_wconf 92' lang='lat' dir='ltr'><strong>II.</strong></span> <span class='ocrx_word' id='word_1_58' title='bbox 1151 993 1282 1033; x_wconf 79' lang='lat' dir='ltr'><strong>J—V.</strong></span> 
     </span>
    </p>
   </div>
   <div class='ocr_carea' id='block_1_7' title="bbox 514 1061 2128 1121">
    <p class='ocr_par' dir='ltr' id='par_1_7' title="bbox 514 1061 2128 1121">
     <span class='ocr_line' id='line_1_10' title="bbox 514 1061 2128 1121; baseline 0.008 -24"><span class='ocrx_word' id='word_1_59' title='bbox 514 1062 683 1108; x_wconf 85' lang='lat' dir='ltr'><strong>(Titulus</strong></span> <span class='ocrx_word' id='word_1_60' title='bbox 716 1064 781 1111; x_wconf 79' lang='lat' dir='ltr'><strong>cz)</strong></span> <span class='ocrx_word' id='word_1_61' title='bbox 814 1061 1172 1114; x_wconf 85' lang='lat' dir='ltr'><strong>Supplementum</strong></span> <span class='ocrx_word' id='word_1_62' title='bbox 1204 1065 1448 1104; x_wconf 88' lang='lat' dir='ltr'><strong>secundum</strong></span> <span class='ocrx_word' id='word_1_63' title='bbox 1481 1066 1836 1117; x_wconf 85' lang='lat' dir='ltr'><strong>Fragmentorum</strong></span> <span class='ocrx_word' id='word_1_64' title='bbox 1870 1072 2128 1121; x_wconf 90' lang='lat' dir='ltr'><strong>sapientum.</strong></span> 
     </span>
    </p>
   </div>
   <div class='ocr_carea' id='block_1_8' title="bbox 512 1132 2230 1187">
    <p class='ocr_par' dir='ltr' id='par_1_8' title="bbox 512 1132 2230 1187">
     <span class='ocr_line' id='line_1_11' title="bbox 512 1132 2230 1187; baseline 0.007 -20"><span class='ocrx_word' id='word_1_65' title='bbox 512 1132 841 1178; x_wconf 89' lang='lat' dir='ltr'><strong>Fragmentorum,</strong></span> <span class='ocrx_word' id='word_1_66' title='bbox 894 1144 993 1179; x_wconf 87' lang='lat' dir='ltr'><strong>quae</strong></span> <span class='ocrx_word' id='word_1_67' title='bbox 1040 1135 1242 1170; x_wconf 86' lang='lat' dir='ltr'>codicibus</span> <span class='ocrx_word' id='word_1_68' title='bbox 1289 1135 1349 1171; x_wconf 90' lang='lat' dir='ltr'><strong>his</strong></span> <span class='ocrx_word' id='word_1_69' title='bbox 1395 1137 1635 1184; x_wconf 84' lang='lat' dir='ltr'><strong>supplentur,</strong></span> <span class='ocrx_word' id='word_1_70' title='bbox 1683 1144 1810 1176; x_wconf 84' lang='lat' dir='ltr'><strong>exstat</strong></span> <span class='ocrx_word' id='word_1_71' title='bbox 1851 1143 1953 1187; x_wconf 89' lang='lat' dir='ltr'><strong>apud</strong></span> <span class='ocrx_word' id='word_1_72' title='bbox 1995 1151 2068 1178; x_wconf 91' lang='lat' dir='ltr'><strong>nos</strong></span> <span class='ocrx_word' id='word_1_73' title='bbox 2101 1142 2230 1178; x_wconf 90' lang='lat' dir='ltr'><strong>solum</strong></span> 
     </span>
    </p>
   </div>
   <div class='ocr_carea' id='block_1_9' title="bbox 368 1189 2233 1284">
    <p class='ocr_par' dir='ltr' id='par_1_9' title="bbox 368 1189 2233 1284">
     <span class='ocr_line' id='line_1_12' title="bbox 369 1189 2233 1283; baseline 0.006 -58"><span class='ocrx_word' id='word_1_74' title='bbox 369 1190 447 1227; x_wconf 87' lang='lat' dir='ltr'><strong>vol.</strong></span> <span class='ocrx_word' id='word_1_75' title='bbox 480 1189 526 1226; x_wconf 88' lang='grc' dir='ltr'><strong>ΙΙ.</strong></span> <span class='ocrx_word' id='word_1_76' title='bbox 560 1190 674 1283; x_wconf 51' lang='grc' dir='ltr'><strong>εἰὲἓὸ</strong></span> <span class='ocrx_word' id='word_1_77' title='bbox 691 1190 720 1227; x_wconf 92' lang='grc' dir='ltr'><strong>Ι.</strong></span> <span class='ocrx_word' id='word_1_78' title='bbox 752 1190 800 1227; x_wconf 93' lang='lat' dir='ltr'><strong>A.</strong></span> <span class='ocrx_word' id='word_1_79' title='bbox 835 1191 900 1226; x_wconf 87' lang='grc'><strong>24.</strong></span> <span class='ocrx_word' id='word_1_80' title='bbox 933 1191 1073 1228; x_wconf 85' lang='lat' dir='ltr'>Donat.</span> <span class='ocrx_word' id='word_1_81' title='bbox 1108 1193 1155 1227; x_wconf 92' lang='lat' dir='ltr'><strong>ab</strong></span> <span class='ocrx_word' id='word_1_82' title='bbox 1187 1197 1344 1229; x_wconf 86' lang='lat' dir='ltr'><strong>auctore</strong></span> <span class='ocrx_word' id='word_1_83' title='bbox 1377 1194 1469 1231; x_wconf 92' lang='lat' dir='ltr'>bibl.</span> <span class='ocrx_word' id='word_1_84' title='bbox 1503 1195 1655 1242; x_wconf 88' lang='lat' dir='ltr'><strong>collegii</strong></span> <span class='ocrx_word' id='word_1_85' title='bbox 1688 1196 1727 1234; x_wconf 90' lang='lat' dir='ltr'><strong>S.</strong></span> <span class='ocrx_word' id='word_1_86' title='bbox 1760 1197 1793 1234; x_wconf 89' lang='lat' dir='ltr'><strong>J.</strong></span> <span class='ocrx_word' id='word_1_87' title='bbox 1816 1197 1960 1244; x_wconf 85' lang='lat' dir='ltr'><strong>Pragae</strong></span> <span class='ocrx_word' id='word_1_88' title='bbox 1981 1200 2031 1235; x_wconf 87' lang='lat' dir='ltr'><strong>ad</strong></span> <span class='ocrx_word' id='word_1_89' title='bbox 2053 1198 2093 1236; x_wconf 90' lang='lat' dir='ltr'><strong>S.</strong></span> <span class='ocrx_word' id='word_1_90' title='bbox 2116 1199 2233 1246; x_wconf 90' lang='lat' dir='ltr'><strong>Igna-</strong></span> 
     </span>
     <span class='ocr_line' id='line_1_13' title="bbox 368 1249 689 1284; baseline 0.003 -1"><span class='ocrx_word' id='word_1_91' title='bbox 368 1249 463 1283; x_wconf 90' lang='lat' dir='ltr'><strong>tium</strong></span> <span class='ocrx_word' id='word_1_92' title='bbox 496 1259 530 1284; x_wconf 88' lang='lat' dir='ltr'><strong>a.</strong></span> <span class='ocrx_word' id='word_1_93' title='bbox 569 1249 616 1284; x_wconf 88' lang='lat'><strong>17</strong></span> <span class='ocrx_word' id='word_1_94' title='bbox 681 1277 689 1284; x_wconf 98' lang='lat'><strong>.</strong></span> 
     </span>
    </p>
   </div>
   <div class='ocr_carea' id='block_1_10' title="bbox 371 1372 1741 1520">
    <p class='ocr_par' dir='ltr' id='par_1_10' title="bbox 371 1372 1741 1520">
     <span class='ocr_line' id='line_1_14' title="bbox 509 1372 1417 1425; baseline 0.001 -1"><span class='ocrx_word' id='word_1_95' title='bbox 509 1372 579 1425; x_wconf 90' lang='grc'><strong>23</strong></span> <span class='ocrx_word' id='word_1_96' title='bbox 1165 1374 1201 1423; x_wconf 89' lang='lat' dir='ltr'><strong>I.</strong></span> <span class='ocrx_word' id='word_1_97' title='bbox 1238 1374 1300 1423; x_wconf 89' lang='lat' dir='ltr'><strong>A.</strong></span> <span class='ocrx_word' id='word_1_98' title='bbox 1338 1374 1417 1425; x_wconf 82' lang='lat'><strong>17.</strong></span> 
     </span>
     <span class='ocr_line' id='line_1_15' title="bbox 371 1463 1741 1520; baseline 0.003 -14"><span class='ocrx_word' id='word_1_99' title='bbox 371 1466 513 1506; x_wconf 83' lang='lat' dir='ltr'><strong>chart.</strong></span> <span class='ocrx_word' id='word_1_100' title='bbox 547 1469 726 1519; x_wconf 79' lang='lat' dir='ltr'><strong>autogr.</strong></span> <span class='ocrx_word' id='word_1_101' title='bbox 755 1463 870 1506; x_wconf 77' lang='lat' dir='ltr'><strong>sae&#39;c.</strong></span> <span class='ocrx_word' id='word_1_102' title='bbox 903 1465 1069 1506; x_wconf 89' lang='lat' dir='ltr'><em>XVIII</em></span> <span class='ocrx_word' id='word_1_103' title='bbox 1075 1467 1135 1520; x_wconf 85' lang='lat' dir='ltr'><em>ff</em></span> <span class='ocrx_word' id='word_1_104' title='bbox 1168 1467 1252 1508; x_wconf 84' lang='grc'><strong>134</strong></span> <span class='ocrx_word' id='word_1_105' title='bbox 1282 1480 1404 1508; x_wconf 75' lang='lat' dir='ltr'><strong>num.</strong></span> <span class='ocrx_word' id='word_1_106' title='bbox 1436 1470 1627 1510; x_wconf 86' lang='grc'><em>35&gt;&lt;22</em></span> <span class='ocrx_word' id='word_1_107' title='bbox 1658 1483 1741 1510; x_wconf 81' lang='lat' dir='ltr'><strong>cm.</strong></span> 
     </span>
    </p>
   </div>
   <div class='ocr_carea' id='block_1_11' title="bbox 371 1546 2233 1658">
    <p class='ocr_par' dir='ltr' id='par_1_11' title="bbox 371 1546 2233 1658">
     <span class='ocr_line' id='line_1_16' title="bbox 519 1546 2233 1601; baseline 0.004 -15"><span class='ocrx_word' id='word_1_108' title='bbox 519 1546 902 1599; x_wconf 86' lang='lat' dir='ltr'><strong>»Supplementum</strong></span> <span class='ocrx_word' id='word_1_109' title='bbox 936 1550 1178 1588; x_wconf 88' lang='lat' dir='ltr'><strong>secundum</strong></span> <span class='ocrx_word' id='word_1_110' title='bbox 1217 1549 1601 1601; x_wconf 89' lang='lat' dir='ltr'><strong>Fragmentorum</strong></span> <span class='ocrx_word' id='word_1_111' title='bbox 1631 1551 1918 1592; x_wconf 66' lang='lat' dir='ltr'><strong>Poetarum«</strong></span> <span class='ocrx_word' id='word_1_112' title='bbox 1968 1553 2111 1601; x_wconf 86' lang='lat' dir='ltr'><strong>(Auct.</strong></span> <span class='ocrx_word' id='word_1_113' title='bbox 2151 1552 2233 1594; x_wconf 87' lang='lat' dir='ltr'><strong>Jo-</strong></span> 
     </span>
     <span class='ocr_line' id='line_1_17' title="bbox 371 1605 929 1658; baseline 0 -13"><span class='ocrx_word' id='word_1_114' title='bbox 371 1606 516 1656; x_wconf 88' lang='lat' dir='ltr'><strong>sepho</strong></span> <span class='ocrx_word' id='word_1_115' title='bbox 547 1605 653 1645; x_wconf 89' lang='lat' dir='ltr'><strong>Ern.</strong></span> <span class='ocrx_word' id='word_1_116' title='bbox 685 1605 929 1658; x_wconf 87' lang='lat' dir='ltr'><strong>Barisien.)</strong></span> 
     </span>
    </p>
   </div>
   <div class='ocr_carea' id='block_1_12' title="bbox 373 1677 2236 1787">
    <p class='ocr_par' dir='ltr' id='par_1_12' title="bbox 373 1677 2236 1787">
     <span class='ocr_line' id='line_1_18' title="bbox 515 1677 2236 1730; baseline 0.004 -18"><span class='ocrx_word' id='word_1_117' title='bbox 515 1677 747 1723; x_wconf 81' lang='lat' dir='ltr'>Fragmenta</span> <span class='ocrx_word' id='word_1_118' title='bbox 776 1681 977 1723; x_wconf 73' lang='lat' dir='ltr'><strong>poetarum</strong></span> <span class='ocrx_word' id='word_1_119' title='bbox 1010 1679 1058 1713; x_wconf 86' lang='lat' dir='ltr'><strong>ab</strong></span> <span class='ocrx_word' id='word_1_120' title='bbox 1090 1679 1227 1715; x_wconf 91' lang='lat' dir='ltr'><strong>eodem</strong></span> <span class='ocrx_word' id='word_1_121' title='bbox 1259 1684 1416 1716; x_wconf 85' lang='lat' dir='ltr'><strong>auctore</strong></span> <span class='ocrx_word' id='word_1_122' title='bbox 1449 1680 1615 1716; x_wconf 88' lang='lat' dir='ltr'><strong>collecta</strong></span> <span class='ocrx_word' id='word_1_123' title='bbox 1646 1691 1692 1717; x_wconf 87' lang='lat' dir='ltr'><strong>v:</strong></span> <span class='ocrx_word' id='word_1_124' title='bbox 1724 1681 1754 1718; x_wconf 96' lang='grc' dir='ltr'><strong>Ι.</strong></span> <span class='ocrx_word' id='word_1_125' title='bbox 1787 1682 1834 1718; x_wconf 87' lang='grc' dir='ltr'><strong>Α.</strong></span> <span class='ocrx_word' id='word_1_126' title='bbox 1872 1682 1920 1718; x_wconf 91' lang='grc'><strong>18</strong></span> <span class='ocrx_word' id='word_1_127' title='bbox 1955 1682 1987 1718; x_wconf 75' lang='lat' dir='ltr'><strong>Sc</strong></span> <span class='ocrx_word' id='word_1_128' title='bbox 2025 1682 2074 1718; x_wconf 89' lang='lat'><strong>19</strong></span> <span class='ocrx_word' id='word_1_129' title='bbox 2098 1686 2135 1719; x_wconf 91' lang='lat' dir='ltr'><strong>et</strong></span> <span class='ocrx_word' id='word_1_130' title='bbox 2155 1682 2236 1730; x_wconf 92' lang='lat' dir='ltr'><strong>Ap-</strong></span> 
     </span>
     <span class='ocr_line' id='line_1_19' title="bbox 373 1735 2235 1787; baseline 0.003 -17"><span class='ocrx_word' id='word_1_131' title='bbox 373 1735 575 1780; x_wconf 88' lang='lat' dir='ltr'><strong>pendicem</strong></span> <span class='ocrx_word' id='word_1_132' title='bbox 607 1737 656 1771; x_wconf 86' lang='lat' dir='ltr'><strong>ad</strong></span> <span class='ocrx_word' id='word_1_133' title='bbox 688 1736 822 1770; x_wconf 86' lang='lat' dir='ltr'><strong>eadem</strong></span> <span class='ocrx_word' id='word_1_134' title='bbox 853 1735 1085 1782; x_wconf 84' lang='lat' dir='ltr'><strong>Fragmenta</strong></span> <span class='ocrx_word' id='word_1_135' title='bbox 1116 1737 1215 1782; x_wconf 84' lang='lat' dir='ltr'>sign.</span> <span class='ocrx_word' id='word_1_136' title='bbox 1246 1737 1275 1774; x_wconf 96' lang='lat' dir='ltr'><strong>I.</strong></span> <span class='ocrx_word' id='word_1_137' title='bbox 1307 1737 1355 1774; x_wconf 89' lang='lat' dir='ltr'><strong>A.</strong></span> <span class='ocrx_word' id='word_1_138' title='bbox 1390 1738 1456 1775; x_wconf 85' lang='lat'><strong>20.</strong></span> <span class='ocrx_word' id='word_1_139' title='bbox 1491 1737 1547 1775; x_wconf 86' lang='lat' dir='ltr'><strong>Cf.</strong></span> <span class='ocrx_word' id='word_1_140' title='bbox 1580 1739 1695 1774; x_wconf 89' lang='lat' dir='ltr'><strong>etiam</strong></span> <span class='ocrx_word' id='word_1_141' title='bbox 1726 1739 1865 1775; x_wconf 90' lang='lat' dir='ltr'><strong>librum</strong></span> <span class='ocrx_word' id='word_1_142' title='bbox 1908 1751 1943 1777; x_wconf 93' lang='lat' dir='ltr'><strong>a.</strong></span> <span class='ocrx_word' id='word_1_143' title='bbox 1991 1739 2097 1777; x_wconf 88' lang='grc'>1747</span> <span class='ocrx_word' id='word_1_144' title='bbox 2130 1742 2235 1787; x_wconf 88' lang='lat' dir='ltr'><strong>typis</strong></span> 
     </span>
    </p>
   </div>
   <div class='ocr_carea' id='block_1_13' title="bbox 373 1790 2234 1897">
    <p class='ocr_par' dir='ltr' id='par_1_13' title="bbox 373 1790 2234 1897">
     <span class='ocr_line' id='line_1_20' title="bbox 373 1790 2234 1841; baseline 0.004 -14"><span class='ocrx_word' id='word_1_145' title='bbox 373 1790 519 1828; x_wconf 90' lang='lat' dir='ltr'><strong>editum</strong></span> <span class='ocrx_word' id='word_1_146' title='bbox 551 1794 624 1828; x_wconf 89' lang='lat' dir='ltr'><strong>sub</strong></span> <span class='ocrx_word' id='word_1_147' title='bbox 656 1794 792 1829; x_wconf 87' lang='lat' dir='ltr'><strong>eodem</strong></span> <span class='ocrx_word' id='word_1_148' title='bbox 823 1794 958 1829; x_wconf 89' lang='lat' dir='ltr'><strong>titulo:</strong></span> <span class='ocrx_word' id='word_1_149' title='bbox 991 1793 1221 1840; x_wconf 83' lang='lat' dir='ltr'><strong>Fragmenta</strong></span> <span class='ocrx_word' id='word_1_150' title='bbox 1250 1799 1467 1841; x_wconf 74' lang='lat' dir='ltr'><strong>poetarum.</strong></span> <span class='ocrx_word' id='word_1_151' title='bbox 1515 1795 1612 1832; x_wconf 93' lang='lat' dir='ltr'><strong>Cod.</strong></span> <span class='ocrx_word' id='word_1_152' title='bbox 1661 1801 1797 1833; x_wconf 88' lang='lat' dir='ltr'><strong>auctor</strong></span> <span class='ocrx_word' id='word_1_153' title='bbox 1847 1798 1953 1834; x_wconf 89' lang='grc'>1766</span> <span class='ocrx_word' id='word_1_154' title='bbox 2001 1799 2093 1834; x_wconf 89' lang='lat' dir='ltr'><strong>don.</strong></span> <span class='ocrx_word' id='word_1_155' title='bbox 2140 1798 2234 1834; x_wconf 91' lang='lat' dir='ltr'><strong>bibl.</strong></span> 
     </span>
     <span class='ocr_line' id='line_1_21' title="bbox 374 1850 1057 1897; baseline 0.004 -12"><span class='ocrx_word' id='word_1_156' title='bbox 374 1850 526 1896; x_wconf 89' lang='lat' dir='ltr'><strong>collegii</strong></span> <span class='ocrx_word' id='word_1_157' title='bbox 559 1850 598 1887; x_wconf 88' lang='lat' dir='ltr'><strong>S.</strong></span> <span class='ocrx_word' id='word_1_158' title='bbox 632 1850 664 1887; x_wconf 89' lang='lat' dir='ltr'><strong>J.</strong></span> <span class='ocrx_word' id='word_1_159' title='bbox 699 1852 747 1886; x_wconf 88' lang='lat' dir='ltr'><strong>ad</strong></span> <span class='ocrx_word' id='word_1_160' title='bbox 779 1850 818 1887; x_wconf 90' lang='lat' dir='ltr'><strong>S.</strong></span> <span class='ocrx_word' id='word_1_161' title='bbox 851 1851 1057 1897; x_wconf 84' lang='lat' dir='ltr'><strong>Ignatium.</strong></span> 
     </span>
    </p>
   </div>
   <div class='ocr_carea' id='block_1_14' title="bbox 515 1974 1424 2027">
    <p class='ocr_par' dir='ltr' id='par_1_14' title="bbox 515 1974 1424 2027">
     <span class='ocr_line' id='line_1_22' title="bbox 515 1974 1424 2027; baseline 0 -1"><span class='ocrx_word' id='word_1_162' title='bbox 515 1974 588 2026; x_wconf 87' lang='lat'><strong>24</strong></span> <span class='ocrx_word' id='word_1_163' title='bbox 626 1975 694 2027; x_wconf 89' lang='lat'><strong>25</strong></span> <span class='ocrx_word' id='word_1_164' title='bbox 1165 1976 1204 2025; x_wconf 93' lang='lat' dir='ltr'><strong>I.</strong></span> <span class='ocrx_word' id='word_1_165' title='bbox 1243 1977 1303 2025; x_wconf 88' lang='lat' dir='ltr'><strong>A.</strong></span> <span class='ocrx_word' id='word_1_166' title='bbox 1341 1977 1424 2026; x_wconf 74' lang='lat'><strong>18.</strong></span> 
     </span>
    </p>
   </div>
   <div class='ocr_carea' id='block_1_15' title="bbox 372 2066 2235 2169">
    <p class='ocr_par' dir='ltr' id='par_1_15' title="bbox 372 2066 2235 2169">
     <span class='ocr_line' id='line_1_23' title="bbox 379 2066 2235 2125; baseline 0.001 -15"><span class='ocrx_word' id='word_1_167' title='bbox 379 2066 559 2110; x_wconf 79' lang='lat' dir='ltr'><strong>Codices</strong></span> <span class='ocrx_word' id='word_1_168' title='bbox 599 2070 688 2110; x_wconf 82' lang='lat' dir='ltr'><strong>duo</strong></span> <span class='ocrx_word' id='word_1_169' title='bbox 737 2070 881 2111; x_wconf 80' lang='lat' dir='ltr'><strong>chart.</strong></span> <span class='ocrx_word' id='word_1_170' title='bbox 928 2073 1106 2124; x_wconf 75' lang='lat' dir='ltr'><strong>autogr.</strong></span> <span class='ocrx_word' id='word_1_171' title='bbox 1149 2082 1191 2110; x_wconf 82' lang='lat' dir='ltr'><strong>a.</strong></span> <span class='ocrx_word' id='word_1_172' title='bbox 1238 2070 1364 2120; x_wconf 76' lang='lat'><em>1744,</em></span> <span class='ocrx_word' id='word_1_173' title='bbox 1402 2083 1596 2123; x_wconf 79' lang='lat' dir='ltr'><strong>quorum</strong></span> <span class='ocrx_word' id='word_1_174' title='bbox 1638 2084 1665 2112; x_wconf 87' lang='lat' dir='ltr'><strong>a</strong></span> <span class='ocrx_word' id='word_1_175' title='bbox 1703 2071 1756 2125; x_wconf 91' lang='lat' dir='ltr'><strong>ff.</strong></span> <span class='ocrx_word' id='word_1_176' title='bbox 1798 2071 1894 2123; x_wconf 76' lang='grc'><em>417,</em></span> <span class='ocrx_word' id='word_1_177' title='bbox 1929 2072 1955 2112; x_wconf 94' lang='lat' dir='ltr'>b</span> <span class='ocrx_word' id='word_1_178' title='bbox 1996 2072 2084 2113; x_wconf 82' lang='lat'><strong>296</strong></span> <span class='ocrx_word' id='word_1_179' title='bbox 2112 2083 2235 2112; x_wconf 79' lang='lat' dir='ltr'><strong>num.</strong></span> 
     </span>
     <span class='ocr_line' id='line_1_24' title="bbox 372 2128 907 2169; baseline 0.002 -2"><span class='ocrx_word' id='word_1_180' title='bbox 372 2128 426 2167; x_wconf 67' lang='lat'><strong>34</strong></span> <span class='ocrx_word' id='word_1_181' title='bbox 446 2128 558 2168; x_wconf 90' lang='grc'>&gt;&lt;21</span> <span class='ocrx_word' id='word_1_182' title='bbox 594 2140 675 2168; x_wconf 83' lang='lat' dir='ltr'><strong>crn.</strong></span> <span class='ocrx_word' id='word_1_183' title='bbox 710 2129 907 2169; x_wconf 78' lang='lat' dir='ltr'><strong>continet.</strong></span> 
     </span>
    </p>
   </div>
   <div class='ocr_carea' id='block_1_16' title="bbox 373 2208 2238 2319">
    <p class='ocr_par' dir='ltr' id='par_1_16' title="bbox 373 2208 2238 2319">
     <span class='ocr_line' id='line_1_25' title="bbox 523 2208 2238 2260; baseline 0.002 -13"><span class='ocrx_word' id='word_1_184' title='bbox 523 2210 820 2260; x_wconf 88' lang='lat' dir='ltr'><strong>»Fragmenta</strong></span> <span class='ocrx_word' id='word_1_185' title='bbox 849 2208 1092 2260; x_wconf 73' lang='lat' dir='ltr'><strong>poetarum</strong></span> <span class='ocrx_word' id='word_1_186' title='bbox 1133 2212 1435 2260; x_wconf 86' lang='lat' dir='ltr'><strong>antiquiorum,</strong></span> <span class='ocrx_word' id='word_1_187' title='bbox 1468 2214 1559 2249; x_wconf 90' lang='lat' dir='ltr'><strong>tum</strong></span> <span class='ocrx_word' id='word_1_188' title='bbox 1591 2213 1876 2250; x_wconf 87' lang='lat' dir='ltr'><strong>recentiorum</strong></span> <span class='ocrx_word' id='word_1_189' title='bbox 1912 2209 1960 2249; x_wconf 90' lang='lat' dir='ltr'><strong>in</strong></span> <span class='ocrx_word' id='word_1_190' title='bbox 1990 2209 2149 2250; x_wconf 86' lang='lat' dir='ltr'><strong>varios</strong></span> <span class='ocrx_word' id='word_1_191' title='bbox 2179 2209 2238 2249; x_wconf 86' lang='lat' dir='ltr'><strong>ti-</strong></span> 
     </span>
     <span class='ocr_line' id='line_1_26' title="bbox 373 2266 2236 2319; baseline 0.001 -14"><span class='ocrx_word' id='word_1_192' title='bbox 373 2266 497 2307; x_wconf 86' lang='lat' dir='ltr'><strong>tulos</strong></span> <span class='ocrx_word' id='word_1_193' title='bbox 529 2267 825 2307; x_wconf 86' lang='lat' dir='ltr'><strong>materiarum</strong></span> <span class='ocrx_word' id='word_1_194' title='bbox 855 2267 1150 2318; x_wconf 84' lang='lat' dir='ltr'><strong>copiosarum</strong></span> <span class='ocrx_word' id='word_1_195' title='bbox 1182 2273 1431 2318; x_wconf 86' lang='lat' dir='ltr'><strong>congesta.</strong></span> <span class='ocrx_word' id='word_1_196' title='bbox 1458 2299 1466 2307; x_wconf 92' lang='lat'><strong>.</strong></span> <span class='ocrx_word' id='word_1_197' title='bbox 1491 2299 1499 2308; x_wconf 97' lang='lat'><strong>.</strong></span> <span class='ocrx_word' id='word_1_198' title='bbox 1523 2270 1565 2307; x_wconf 92' lang='lat' dir='ltr'><strong>in</strong></span> <span class='ocrx_word' id='word_1_199' title='bbox 1597 2279 1728 2307; x_wconf 90' lang='lat' dir='ltr'><strong>usum</strong></span> <span class='ocrx_word' id='word_1_200' title='bbox 1761 2268 2106 2319; x_wconf 75' lang='lat' dir='ltr'><strong>poetophilorum</strong></span> <span class='ocrx_word' id='word_1_201' title='bbox 2135 2279 2236 2307; x_wconf 91' lang='lat' dir='ltr'><strong>con-</strong></span> 
     </span>
    </p>
   </div>
   <div class='ocr_carea' id='block_1_17' title="bbox 376 2325 2237 2422">
    <p class='ocr_par' dir='ltr' id='par_1_17' title="bbox 376 2325 2237 2422">
     <span class='ocr_line' id='line_1_27' title="bbox 377 2325 2237 2422; baseline 0.001 -59"><span class='ocrx_word' id='word_1_202' title='bbox 377 2327 535 2390; x_wconf 76' lang='lat' dir='ltr'><strong>scripta</strong></span> <span class='ocrx_word' id='word_1_203' title='bbox 566 2329 607 2364; x_wconf 92' lang='lat' dir='ltr'><strong>et</strong></span> <span class='ocrx_word' id='word_1_204' title='bbox 638 2325 869 2422; x_wconf 46' lang='grc' dir='ltr'><strong>ῑῑίιὲέἷὲῑυῑη</strong></span> <span class='ocrx_word' id='word_1_205' title='bbox 901 2336 1114 2365; x_wconf 86' lang='lat' dir='ltr'><strong>annorum</strong></span> <span class='ocrx_word' id='word_1_206' title='bbox 1145 2325 1290 2365; x_wconf 87' lang='lat' dir='ltr'><strong>labore</strong></span> <span class='ocrx_word' id='word_1_207' title='bbox 1323 2328 1567 2377; x_wconf 84' lang='lat' dir='ltr'><strong>conquisita</strong></span> <span class='ocrx_word' id='word_1_208' title='bbox 1597 2338 1624 2365; x_wconf 88' lang='lat' dir='ltr'><strong>a</strong></span> <span class='ocrx_word' id='word_1_209' title='bbox 1652 2325 1861 2376; x_wconf 87' lang='lat' dir='ltr'><strong>Josepho</strong></span> <span class='ocrx_word' id='word_1_210' title='bbox 1892 2325 2090 2366; x_wconf 87' lang='lat' dir='ltr'><strong>Ernesto</strong></span> <span class='ocrx_word' id='word_1_211' title='bbox 2114 2325 2237 2366; x_wconf 90' lang='lat' dir='ltr'><strong>Bari-</strong></span> 
     </span>
     <span class='ocr_line' id='line_1_28' title="bbox 376 2393 811 2422; baseline -0.005 0"><span class='ocrx_word' id='word_1_212' title='bbox 376 2393 477 2422; x_wconf 81' lang='lat' dir='ltr'><strong>Slen</strong></span> <span class='ocrx_word' id='word_1_213' title='bbox 512 2394 627 2422; x_wconf 73' lang='lat' dir='ltr'><strong>anno</strong></span> <span class='ocrx_word' id='word_1_214' title='bbox 777 2400 811 2422; x_wconf 84' lang='lat'><strong>.&lt;‹</strong></span> 
     </span>
    </p>
   </div>
   <div class='ocr_carea' id='block_1_18' title="bbox 519 2450 1308 2501">
    <p class='ocr_par' dir='ltr' id='par_1_18' title="bbox 519 2450 1308 2501">
     <span class='ocr_line' id='line_1_29' title="bbox 519 2450 1308 2501; baseline 0.001 -11"><span class='ocrx_word' id='word_1_215' title='bbox 519 2450 646 2491; x_wconf 90' lang='lat' dir='ltr'><strong>Tom.</strong></span> <span class='ocrx_word' id='word_1_216' title='bbox 681 2452 710 2493; x_wconf 91' lang='lat' dir='ltr'><strong>I.</strong></span> <span class='ocrx_word' id='word_1_217' title='bbox 743 2452 886 2501; x_wconf 87' lang='lat' dir='ltr'><strong>A—L,</strong></span> <span class='ocrx_word' id='word_1_218' title='bbox 918 2451 1045 2492; x_wconf 91' lang='lat' dir='ltr'><strong>Tom.</strong></span> <span class='ocrx_word' id='word_1_219' title='bbox 1078 2451 1124 2491; x_wconf 94' lang='lat' dir='ltr'><strong>II.</strong></span> <span class='ocrx_word' id='word_1_220' title='bbox 1156 2451 1308 2491; x_wconf 90' lang='lat' dir='ltr'><strong>M-——Z.</strong></span> 
     </span>
    </p>
   </div>
   <div class='ocr_carea' id='block_1_19' title="bbox 377 2523 2241 2801">
    <p class='ocr_par' dir='ltr' id='par_1_19' title="bbox 377 2523 2241 2801">
     <span class='ocr_line' id='line_1_30' title="bbox 522 2523 2238 2570; baseline 0.001 -12"><span class='ocrx_word' id='word_1_221' title='bbox 522 2523 578 2559; x_wconf 87' lang='lat' dir='ltr'><strong>Cf.</strong></span> <span class='ocrx_word' id='word_1_222' title='bbox 612 2523 842 2570; x_wconf 84' lang='lat' dir='ltr'><strong>Fragmenta</strong></span> <span class='ocrx_word' id='word_1_223' title='bbox 871 2527 1073 2570; x_wconf 62' lang='lat' dir='ltr'><strong>poctarum</strong></span> <span class='ocrx_word' id='word_1_224' title='bbox 1106 2525 1154 2559; x_wconf 90' lang='lat' dir='ltr'><strong>ab</strong></span> <span class='ocrx_word' id='word_1_225' title='bbox 1185 2525 1321 2559; x_wconf 87' lang='lat' dir='ltr'><strong>eodem</strong></span> <span class='ocrx_word' id='word_1_226' title='bbox 1354 2528 1510 2559; x_wconf 88' lang='lat' dir='ltr'><strong>auctore</strong></span> <span class='ocrx_word' id='word_1_227' title='bbox 1543 2525 1616 2559; x_wconf 89' lang='lat' dir='ltr'><strong>sub</strong></span> <span class='ocrx_word' id='word_1_228' title='bbox 1650 2525 1788 2559; x_wconf 88' lang='lat' dir='ltr'><strong>eodem</strong></span> <span class='ocrx_word' id='word_1_229' title='bbox 1820 2523 1894 2559; x_wconf 89' lang='lat' dir='ltr'><strong>fere</strong></span> <span class='ocrx_word' id='word_1_230' title='bbox 1913 2524 2028 2560; x_wconf 82' lang='lat' dir='ltr'><strong>titulo</strong></span> <span class='ocrx_word' id='word_1_231' title='bbox 2061 2524 2238 2569; x_wconf 86' lang='lat' dir='ltr'><strong>collecta,</strong></span> 
     </span>
     <span class='ocr_line' id='line_1_31' title="bbox 378 2580 2239 2628; baseline 0.001 -12"><span class='ocrx_word' id='word_1_232' title='bbox 378 2582 476 2626; x_wconf 85' lang='lat' dir='ltr'><strong>sign.</strong></span> <span class='ocrx_word' id='word_1_233' title='bbox 509 2580 538 2618; x_wconf 92' lang='lat' dir='ltr'><strong>I.</strong></span> <span class='ocrx_word' id='word_1_234' title='bbox 571 2581 618 2617; x_wconf 93' lang='lat' dir='ltr'><strong>A.</strong></span> <span class='ocrx_word' id='word_1_235' title='bbox 658 2582 720 2626; x_wconf 86' lang='lat'><strong>19,</strong></span> <span class='ocrx_word' id='word_1_236' title='bbox 751 2583 842 2617; x_wconf 86' lang='lat' dir='ltr'><strong>item</strong></span> <span class='ocrx_word' id='word_1_237' title='bbox 873 2582 1140 2628; x_wconf 90' lang='lat' dir='ltr'><strong>Appendicem</strong></span> <span class='ocrx_word' id='word_1_238' title='bbox 1172 2582 1221 2617; x_wconf 91' lang='lat' dir='ltr'><strong>ad</strong></span> <span class='ocrx_word' id='word_1_239' title='bbox 1252 2582 1388 2617; x_wconf 91' lang='lat' dir='ltr'><strong>eadem</strong></span> <span class='ocrx_word' id='word_1_240' title='bbox 1428 2581 1643 2627; x_wconf 87' lang='lat' dir='ltr'><strong>fragmenta</strong></span> <span class='ocrx_word' id='word_1_241' title='bbox 1672 2581 1701 2618; x_wconf 94' lang='lat' dir='ltr'><strong>I.</strong></span> <span class='ocrx_word' id='word_1_242' title='bbox 1734 2581 1780 2617; x_wconf 90' lang='lat' dir='ltr'><strong>A.</strong></span> <span class='ocrx_word' id='word_1_243' title='bbox 1817 2581 1883 2618; x_wconf 88' lang='lat'><strong>20.</strong></span> <span class='ocrx_word' id='word_1_244' title='bbox 1917 2585 1954 2617; x_wconf 91' lang='lat' dir='ltr'><strong>et</strong></span> <span class='ocrx_word' id='word_1_245' title='bbox 1984 2581 2239 2628; x_wconf 91' lang='lat' dir='ltr'><strong>Supplemen-</strong></span> 
     </span>
     <span class='ocr_line' id='line_1_32' title="bbox 377 2639 2237 2684; baseline 0.001 -11"><span class='ocrx_word' id='word_1_246' title='bbox 377 2643 460 2674; x_wconf 85' lang='lat' dir='ltr'><strong>tum</strong></span> <span class='ocrx_word' id='word_1_247' title='bbox 492 2640 709 2674; x_wconf 89' lang='lat' dir='ltr'><strong>secundum</strong></span> <span class='ocrx_word' id='word_1_248' title='bbox 741 2639 769 2676; x_wconf 91' lang='grc' dir='ltr'><strong>Ι.</strong></span> <span class='ocrx_word' id='word_1_249' title='bbox 800 2640 847 2675; x_wconf 92' lang='lat' dir='ltr'><strong>A.</strong></span> <span class='ocrx_word' id='word_1_250' title='bbox 887 2640 963 2684; x_wconf 87' lang='lat'><strong>17.‚</strong></span> <span class='ocrx_word' id='word_1_251' title='bbox 996 2650 1068 2675; x_wconf 90' lang='lat' dir='ltr'><strong>nec</strong></span> <span class='ocrx_word' id='word_1_252' title='bbox 1099 2650 1178 2675; x_wconf 91' lang='lat' dir='ltr'><strong>non</strong></span> <span class='ocrx_word' id='word_1_253' title='bbox 1209 2639 1349 2675; x_wconf 87' lang='lat' dir='ltr'><strong>librum</strong></span> <span class='ocrx_word' id='word_1_254' title='bbox 1382 2640 1430 2674; x_wconf 88' lang='lat' dir='ltr'><strong>ab</strong></span> <span class='ocrx_word' id='word_1_255' title='bbox 1463 2640 1599 2674; x_wconf 90' lang='lat' dir='ltr'><strong>eodem</strong></span> <span class='ocrx_word' id='word_1_256' title='bbox 1642 2642 1800 2674; x_wconf 87' lang='lat' dir='ltr'><strong>auctore</strong></span> <span class='ocrx_word' id='word_1_257' title='bbox 1838 2639 1943 2675; x_wconf 86' lang='lat'>1747</span> <span class='ocrx_word' id='word_1_258' title='bbox 1977 2640 2053 2675; x_wconf 89' lang='lat' dir='ltr'><strong>sub</strong></span> <span class='ocrx_word' id='word_1_259' title='bbox 2100 2640 2237 2675; x_wconf 87' lang='lat' dir='ltr'><strong>eodem</strong></span> 
     </span>
     <span class='ocr_line' id='line_1_33' title="bbox 378 2695 2241 2743; baseline 0.001 -12"><span class='ocrx_word' id='word_1_260' title='bbox 378 2697 451 2731; x_wconf 83' lang='lat' dir='ltr'><strong>fere</strong></span> <span class='ocrx_word' id='word_1_261' title='bbox 491 2696 604 2732; x_wconf 86' lang='lat' dir='ltr'><strong>titulo</strong></span> <span class='ocrx_word' id='word_1_262' title='bbox 646 2696 789 2742; x_wconf 89' lang='lat' dir='ltr'><strong>Pragae</strong></span> <span class='ocrx_word' id='word_1_263' title='bbox 829 2699 934 2743; x_wconf 84' lang='lat' dir='ltr'><strong>typis</strong></span> <span class='ocrx_word' id='word_1_264' title='bbox 975 2697 1133 2733; x_wconf 89' lang='lat' dir='ltr'><strong>editum.</strong></span> <span class='ocrx_word' id='word_1_265' title='bbox 1177 2695 1349 2743; x_wconf 77' lang='lat' dir='ltr'><strong>Quarum</strong></span> <span class='ocrx_word' id='word_1_266' title='bbox 1390 2698 1563 2732; x_wconf 90' lang='lat' dir='ltr'><strong>omnium</strong></span> <span class='ocrx_word' id='word_1_267' title='bbox 1605 2696 1881 2732; x_wconf 85' lang='lat' dir='ltr'><strong>collectionum</strong></span> <span class='ocrx_word' id='word_1_268' title='bbox 1924 2700 2059 2732; x_wconf 86' lang='lat' dir='ltr'><strong>nostra</strong></span> <span class='ocrx_word' id='word_1_269' title='bbox 2089 2697 2241 2733; x_wconf 89' lang='lat' dir='ltr'><strong>videtur</strong></span> 
     </span>
     <span class='ocr_line' id='line_1_34' title="bbox 378 2753 1905 2801; baseline 0 -12"><span class='ocrx_word' id='word_1_270' title='bbox 378 2764 463 2789; x_wconf 87' lang='lat' dir='ltr'><strong>esse</strong></span> <span class='ocrx_word' id='word_1_271' title='bbox 496 2754 782 2799; x_wconf 84' lang='lat' dir='ltr'><strong>copiosissima.</strong></span> <span class='ocrx_word' id='word_1_272' title='bbox 813 2755 914 2791; x_wconf 88' lang='lat' dir='ltr'><strong>Bibl.</strong></span> <span class='ocrx_word' id='word_1_273' title='bbox 948 2755 1100 2801; x_wconf 87' lang='lat' dir='ltr'><strong>collegii</strong></span> <span class='ocrx_word' id='word_1_274' title='bbox 1132 2754 1171 2791; x_wconf 92' lang='lat' dir='ltr'><strong>S.</strong></span> <span class='ocrx_word' id='word_1_275' title='bbox 1204 2754 1237 2790; x_wconf 92' lang='lat' dir='ltr'><strong>J.</strong></span> <span class='ocrx_word' id='word_1_276' title='bbox 1270 2754 1514 2800; x_wconf 89' lang='lat' dir='ltr'><strong>Neo-Pragae</strong></span> <span class='ocrx_word' id='word_1_277' title='bbox 1547 2755 1595 2789; x_wconf 90' lang='lat' dir='ltr'><strong>ad</strong></span> <span class='ocrx_word' id='word_1_278' title='bbox 1628 2753 1667 2790; x_wconf 92' lang='lat' dir='ltr'><strong>S.</strong></span> <span class='ocrx_word' id='word_1_279' title='bbox 1699 2753 1905 2799; x_wconf 88' lang='lat' dir='ltr'><strong>Ignatium.</strong></span> 
     </span>
    </p>
   </div>
   <div class='ocr_carea' id='block_1_20' title="bbox 518 2888 1423 2942">
    <p class='ocr_par' dir='ltr' id='par_1_20' title="bbox 518 2888 1423 2942">
     <span class='ocr_line' id='line_1_35' title="bbox 518 2888 1423 2942; baseline -0.003 -2"><span class='ocrx_word' id='word_1_280' title='bbox 518 2889 586 2942; x_wconf 88' lang='grc'><strong>26</strong></span> <span class='ocrx_word' id='word_1_281' title='bbox 624 2889 691 2941; x_wconf 90' lang='grc'><strong>27</strong></span> <span class='ocrx_word' id='word_1_282' title='bbox 1162 2889 1202 2938; x_wconf 86' lang='grc' dir='ltr'><strong>Ι.</strong></span> <span class='ocrx_word' id='word_1_283' title='bbox 1240 2889 1302 2938; x_wconf 88' lang='lat' dir='ltr'><strong>A.</strong></span> <span class='ocrx_word' id='word_1_284' title='bbox 1340 2888 1423 2938; x_wconf 83' lang='lat'><strong>19.</strong></span> 
     </span>
    </p>
   </div>
   <div class='ocr_carea' id='block_1_21' title="bbox 378 2980 2238 3081">
    <p class='ocr_par' dir='ltr' id='par_1_21' title="bbox 378 2980 2238 3081">
     <span class='ocr_line' id='line_1_36' title="bbox 385 2980 2238 3035; baseline -0.002 -11"><span class='ocrx_word' id='word_1_285' title='bbox 385 2980 563 3024; x_wconf 76' lang='lat' dir='ltr'><strong>Codices</strong></span> <span class='ocrx_word' id='word_1_286' title='bbox 607 2983 696 3022; x_wconf 80' lang='lat' dir='ltr'><strong>duo</strong></span> <span class='ocrx_word' id='word_1_287' title='bbox 742 2983 882 3023; x_wconf 83' lang='lat' dir='ltr'><strong>chart.</strong></span> <span class='ocrx_word' id='word_1_288' title='bbox 931 2984 1109 3035; x_wconf 78' lang='lat' dir='ltr'><strong>autogr.</strong></span> <span class='ocrx_word' id='word_1_289' title='bbox 1156 2994 1198 3022; x_wconf 83' lang='lat' dir='ltr'><strong>a.</strong></span> <span class='ocrx_word' id='word_1_290' title='bbox 1246 2982 1370 3032; x_wconf 81' lang='grc'><em>1746,</em></span> <span class='ocrx_word' id='word_1_291' title='bbox 1418 2994 1611 3034; x_wconf 80' lang='lat' dir='ltr'><strong>quorum</strong></span> <span class='ocrx_word' id='word_1_292' title='bbox 1656 2994 1683 3023; x_wconf 88' lang='lat' dir='ltr'><strong>a</strong></span> <span class='ocrx_word' id='word_1_293' title='bbox 1713 2981 1811 3032; x_wconf 84' lang='lat'><strong><em>246,</em></strong></span> <span class='ocrx_word' id='word_1_294' title='bbox 1859 2982 1884 3021; x_wconf 95' lang='lat' dir='ltr'>b</span> <span class='ocrx_word' id='word_1_295' title='bbox 1915 2981 2001 3022; x_wconf 83' lang='lat'><strong>103</strong></span> <span class='ocrx_word' id='word_1_296' title='bbox 2017 2980 2079 3034; x_wconf 84' lang='lat' dir='ltr'><em>ff</em></span> <span class='ocrx_word' id='word_1_297' title='bbox 2112 2993 2238 3021; x_wconf 80' lang='lat' dir='ltr'><strong>num.</strong></span> 
     </span>
     <span class='ocr_line' id='line_1_37' title="bbox 378 3040 914 3081; baseline 0 0"><span class='ocrx_word' id='word_1_298' title='bbox 378 3041 438 3081; x_wconf 82' lang='lat'><strong>35</strong></span> <span class='ocrx_word' id='word_1_299' title='bbox 452 3041 563 3080; x_wconf 86' lang='grc'>&gt;&lt;21</span> <span class='ocrx_word' id='word_1_300' title='bbox 597 3052 680 3080; x_wconf 81' lang='lat' dir='ltr'><strong>cm.</strong></span> <span class='ocrx_word' id='word_1_301' title='bbox 714 3040 914 3081; x_wconf 76' lang='lat' dir='ltr'><strong>contiuet.</strong></span> 
     </span>
    </p>
   </div>
   <div class='ocr_carea' id='block_1_22' title="bbox 383 3119 2240 3228">
    <p class='ocr_par' dir='ltr' id='par_1_22' title="bbox 383 3119 2240 3228">
     <span class='ocr_line' id='line_1_38' title="bbox 525 3119 2240 3172; baseline 0 -13"><span class='ocrx_word' id='word_1_302' title='bbox 525 3123 615 3169; x_wconf 87' lang='lat' dir='ltr'><strong>(Tit.</strong></span> <span class='ocrx_word' id='word_1_303' title='bbox 649 3126 735 3161; x_wconf 88' lang='lat' dir='ltr'><strong>cod.</strong></span> <span class='ocrx_word' id='word_1_304' title='bbox 768 3124 833 3171; x_wconf 78' lang='lat' dir='ltr'><strong>az)</strong></span> <span class='ocrx_word' id='word_1_305' title='bbox 863 3121 1139 3172; x_wconf 87' lang='lat' dir='ltr'><strong>Fragmenta</strong></span> <span class='ocrx_word' id='word_1_306' title='bbox 1177 3119 1420 3171; x_wconf 65' lang='lat' dir='ltr'><strong>poetarum</strong></span> <span class='ocrx_word' id='word_1_307' title='bbox 1444 3124 1638 3160; x_wconf 89' lang='lat' dir='ltr'><strong>veterum</strong></span> <span class='ocrx_word' id='word_1_308' title='bbox 1661 3123 2045 3171; x_wconf 88' lang='lat' dir='ltr'><strong>recentiorumque,</strong></span> <span class='ocrx_word' id='word_1_309' title='bbox 2078 3119 2240 3171; x_wconf 88' lang='lat' dir='ltr'><strong>ponde-</strong></span> 
     </span>
     <span class='ocr_line' id='line_1_39' title="bbox 383 3179 2237 3228; baseline -0.001 -10"><span class='ocrx_word' id='word_1_310' title='bbox 383 3180 619 3219; x_wconf 86' lang='lat' dir='ltr'><strong>rosioribus</strong></span> <span class='ocrx_word' id='word_1_311' title='bbox 652 3183 797 3219; x_wconf 87' lang='lat' dir='ltr'><strong>metris</strong></span> <span class='ocrx_word' id='word_1_312' title='bbox 830 3191 929 3219; x_wconf 88' lang='lat' dir='ltr'><strong>cum</strong></span> <span class='ocrx_word' id='word_1_313' title='bbox 962 3179 1076 3218; x_wconf 90' lang='lat' dir='ltr'><strong>laudi</strong></span> <span class='ocrx_word' id='word_1_314' title='bbox 1118 3189 1217 3218; x_wconf 92' lang='lat' dir='ltr'><strong>cum</strong></span> <span class='ocrx_word' id='word_1_315' title='bbox 1257 3181 1467 3228; x_wconf 86' lang='lat' dir='ltr'><strong>vituperio</strong></span> <span class='ocrx_word' id='word_1_316' title='bbox 1513 3180 1780 3217; x_wconf 86' lang='lat' dir='ltr'><strong>inservituris</strong></span> <span class='ocrx_word' id='word_1_317' title='bbox 1804 3209 1812 3217; x_wconf 94' lang='lat'><strong>.</strong></span> <span class='ocrx_word' id='word_1_318' title='bbox 1839 3209 1847 3216; x_wconf 93' lang='lat'><strong>.</strong></span> <span class='ocrx_word' id='word_1_319' title='bbox 1873 3209 1881 3217; x_wconf 98' lang='lat'><strong>.</strong></span> <span class='ocrx_word' id='word_1_320' title='bbox 1915 3180 2168 3228; x_wconf 85' lang='lat' dir='ltr'><strong>proposita.</strong></span> <span class='ocrx_word' id='word_1_321' title='bbox 2194 3208 2203 3217; x_wconf 89' lang='lat'><strong>.</strong></span> <span class='ocrx_word' id='word_1_322' title='bbox 2228 3207 2237 3217; x_wconf 92' lang='lat'><strong>.</strong></span> 
     </span>
    </p>
   </div>
   <div class='ocr_carea' id='block_1_23' title="bbox 381 3229 2241 3342">
    <p class='ocr_par' dir='ltr' id='par_1_23' title="bbox 381 3229 2241 3342">
     <span class='ocr_line' id='line_1_40' title="bbox 381 3229 2241 3288; baseline -0.001 -12"><span class='ocrx_word' id='word_1_323' title='bbox 381 3238 463 3276; x_wconf 90' lang='lat' dir='ltr'><strong>luci</strong></span> <span class='ocrx_word' id='word_1_324' title='bbox 496 3237 690 3287; x_wconf 88' lang='lat' dir='ltr'><strong>publicae</strong></span> <span class='ocrx_word' id='word_1_325' title='bbox 722 3240 921 3288; x_wconf 83' lang='lat' dir='ltr'><strong>exposita</strong></span> <span class='ocrx_word' id='word_1_326' title='bbox 951 3249 978 3275; x_wconf 87' lang='lat' dir='ltr'><strong>a</strong></span> <span class='ocrx_word' id='word_1_327' title='bbox 1006 3236 1214 3287; x_wconf 83' lang='lat' dir='ltr'><strong>Josepho</strong></span> <span class='ocrx_word' id='word_1_328' title='bbox 1245 3235 1443 3276; x_wconf 88' lang='lat' dir='ltr'><strong>Ernesto</strong></span> <span class='ocrx_word' id='word_1_329' title='bbox 1474 3229 1695 3276; x_wconf 84' lang='lat' dir='ltr'><strong>Baris&#39;ien.</strong></span> <span class='ocrx_word' id='word_1_330' title='bbox 1742 3235 1903 3285; x_wconf 87' lang='lat' dir='ltr'><strong>Pragae</strong></span> <span class='ocrx_word' id='word_1_331' title='bbox 1935 3247 2035 3274; x_wconf 85' lang='lat' dir='ltr'><strong>aera</strong></span> <span class='ocrx_word' id='word_1_332' title='bbox 2066 3233 2241 3275; x_wconf 87' lang='lat' dir='ltr'><strong>Christi-</strong></span> 
     </span>
     <span class='ocr_line' id='line_1_41' title="bbox 381 3294 1266 3342; baseline -0.002 -9"><span class='ocrx_word' id='word_1_333' title='bbox 381 3306 465 3334; x_wconf 81' lang='lat' dir='ltr'><strong>ana</strong></span> <span class='ocrx_word' id='word_1_334' title='bbox 502 3294 622 3334; x_wconf 81' lang='lat'><strong>1746.</strong></span> <span class='ocrx_word' id='word_1_335' title='bbox 657 3297 780 3342; x_wconf 89' lang='lat' dir='ltr'><strong>(Duae</strong></span> <span class='ocrx_word' id='word_1_336' title='bbox 812 3301 940 3342; x_wconf 89' lang='lat' dir='ltr'><strong>partes</strong></span> <span class='ocrx_word' id='word_1_337' title='bbox 973 3307 1058 3342; x_wconf 81' lang='lat' dir='ltr'><strong>usq.</strong></span> <span class='ocrx_word' id='word_1_338' title='bbox 1092 3296 1116 3332; x_wconf 84' lang='lat' dir='ltr'><strong>f.</strong></span> <span class='ocrx_word' id='word_1_339' title='bbox 1151 3295 1266 3341; x_wconf 88' lang='grc'>216.)</span> 
     </span>
    </p>
   </div>
   <div class='ocr_carea' id='block_1_24' title="bbox 1300 3442 1322 3474">
    <p class='ocr_par' dir='ltr' id='par_1_24' title="bbox 1300 3442 1322 3474">
     <span class='ocr_line' id='line_1_42' title="bbox 1300 3442 1322 3474; baseline 0 0"><span class='ocrx_word' id='word_1_340' title='bbox 1300 3442 1322 3474; x_wconf 90' lang='grc'>6</span> 
     </span>
    </p>
   </div>
  </div>
 </body>
</html>
