<?xml version="1.0" encoding="UTF-8"?>
<!DOCTYPE html PUBLIC "-//W3C//DTD XHTML 1.0 Transitional//EN"
    "http://www.w3.org/TR/xhtml1/DTD/xhtml1-transitional.dtd">
<html xmlns="http://www.w3.org/1999/xhtml" xml:lang="en" lang="en">
 <head>
  <title>
</title>
<meta http-equiv="Content-Type" content="text/html;charset=utf-8" />
  <meta name='ocr-system' content='tesseract 3.04.00' />
  <meta name='ocr-capabilities' content='ocr_page ocr_carea ocr_par ocr_line ocrx_word'/>
</head>
<body>
  <div class='ocr_page' id='page_1' title='image "./cataloguscodicum01praguoft_0465.png"; bbox 0 0 2476 3782; ppageno 0'>
   <div class='ocr_carea' id='block_1_1' title="bbox 1120 268 1227 310">
    <p class='ocr_par' dir='ltr' id='par_1_1' title="bbox 1120 268 1227 310">
     <span class='ocr_line' id='line_1_1' title="bbox 1120 268 1227 310; baseline 0 -2"><span class='ocrx_word' id='word_1_1' title='bbox 1120 268 1227 310; x_wconf 77' lang='lat'>1073</span> 
     </span>
    </p>
   </div>
   <div class='ocr_carea' id='block_1_2' title="bbox 238 406 2115 857">
    <p class='ocr_par' dir='ltr' id='par_1_2' title="bbox 238 406 2115 635">
     <span class='ocr_line' id='line_1_2' title="bbox 380 406 2112 459; baseline 0.001 -10"><span class='ocrx_word' id='word_1_2' title='bbox 380 410 407 450; x_wconf 85' lang='lat' dir='ltr'>f.</span> <span class='ocrx_word' id='word_1_3' title='bbox 441 406 714 449; x_wconf 73' lang='lat' dir='ltr'>213⁸1——?.36b</span> <span class='ocrx_word' id='word_1_4' title='bbox 744 408 815 449; x_wconf 89' lang='lat' dir='ltr'>Fr.</span> <span class='ocrx_word' id='word_1_5' title='bbox 847 406 1078 449; x_wconf 63' lang='lat' dir='ltr'>,Iohannis</span> <span class='ocrx_word' id='word_1_6' title='bbox 1107 406 1315 458; x_wconf 89' lang='lat' dir='ltr'>Rigaudi,</span> <span class='ocrx_word' id='word_1_7' title='bbox 1347 408 1442 448; x_wconf 89' lang='lat' dir='ltr'>ord.</span> <span class='ocrx_word' id='word_1_8' title='bbox 1486 408 1666 459; x_wconf 87' lang='lat' dir='ltr'>minor.,</span> <span class='ocrx_word' id='word_1_9' title='bbox 1709 409 1901 450; x_wconf 89' lang='lat' dir='ltr'>Summa</span> <span class='ocrx_word' id='word_1_10' title='bbox 1932 410 2112 451; x_wconf 85' lang='lat' dir='ltr'>confes-</span> 
     </span>
     <span class='ocr_line' id='line_1_3' title="bbox 239 465 2111 516; baseline -0.002 -5"><span class='ocrx_word' id='word_1_11' title='bbox 239 470 428 511; x_wconf 88' lang='lat' dir='ltr'>sionum</span> <span class='ocrx_word' id='word_1_12' title='bbox 459 470 521 516; x_wconf 90' lang='lat' dir='ltr'>(in</span> <span class='ocrx_word' id='word_1_13' title='bbox 552 468 638 509; x_wconf 87' lang='lat' dir='ltr'>fine</span> <span class='ocrx_word' id='word_1_14' title='bbox 671 469 858 516; x_wconf 87' lang='lat' dir='ltr'>manca).</span> <span class='ocrx_word' id='word_1_15' title='bbox 897 465 1071 516; x_wconf 81' lang='lat' dir='ltr'>»Incipit</span> <span class='ocrx_word' id='word_1_16' title='bbox 1111 466 1318 516; x_wconf 79' lang='lat' dir='ltr'>prologus</span> <span class='ocrx_word' id='word_1_17' title='bbox 1345 498 1354 506; x_wconf 97' lang='lat'>.</span> <span class='ocrx_word' id='word_1_18' title='bbox 1383 498 1390 506; x_wconf 91' lang='lat'>.</span> <span class='ocrx_word' id='word_1_19' title='bbox 1418 496 1428 506; x_wconf 94' lang='lat'>.</span> <span class='ocrx_word' id='word_1_20' title='bbox 1454 466 1696 507; x_wconf 88' lang='lat' dir='ltr'>Eminentis</span> <span class='ocrx_word' id='word_1_21' title='bbox 1740 468 1995 507; x_wconf 84' lang='lat' dir='ltr'>devocionis</span> <span class='ocrx_word' id='word_1_22' title='bbox 2031 502 2037 508; x_wconf 95' lang='lat'>.</span> <span class='ocrx_word' id='word_1_23' title='bbox 2065 499 2075 509; x_wconf 94' lang='lat'>.</span> <span class='ocrx_word' id='word_1_24' title='bbox 2103 500 2111 507; x_wconf 94' lang='lat'>.</span> 
     </span>
     <span class='ocr_line' id='line_1_4' title="bbox 238 521 2115 580; baseline -0.001 -12"><span class='ocrx_word' id='word_1_25' title='bbox 238 530 346 580; x_wconf 85' lang='lat' dir='ltr'>patri</span> <span class='ocrx_word' id='word_1_26' title='bbox 370 559 381 569; x_wconf 89' lang='lat'>.</span> <span class='ocrx_word' id='word_1_27' title='bbox 408 558 415 565; x_wconf 94' lang='lat'>.</span> <span class='ocrx_word' id='word_1_28' title='bbox 443 556 454 567; x_wconf 89' lang='lat'>.</span> <span class='ocrx_word' id='word_1_29' title='bbox 478 525 737 577; x_wconf 83' lang='lat' dir='ltr'>Berengario</span> <span class='ocrx_word' id='word_1_30' title='bbox 763 556 772 565; x_wconf 93' lang='lat'>.</span> <span class='ocrx_word' id='word_1_31' title='bbox 799 556 808 564; x_wconf 89' lang='lat'>.</span> <span class='ocrx_word' id='word_1_32' title='bbox 842 526 1051 576; x_wconf 90' lang='lat' dir='ltr'>episcopo</span> <span class='ocrx_word' id='word_1_33' title='bbox 1081 521 1409 564; x_wconf 86' lang='lat' dir='ltr'>Tusculanensi</span> <span class='ocrx_word' id='word_1_34' title='bbox 1435 555 1443 564; x_wconf 95' lang='lat'>.</span> <span class='ocrx_word' id='word_1_35' title='bbox 1473 559 1479 564; x_wconf 95' lang='lat'>.</span> <span class='ocrx_word' id='word_1_36' title='bbox 1507 555 1516 565; x_wconf 90' lang='lat'>.</span> <span class='ocrx_word' id='word_1_37' title='bbox 1542 525 1591 566; x_wconf 83' lang='lat' dir='ltr'>fr.</span> <span class='ocrx_word' id='word_1_38' title='bbox 1624 525 1871 566; x_wconf 88' lang='lat' dir='ltr'>Johannes‹</span> <span class='ocrx_word' id='word_1_39' title='bbox 1913 528 1962 576; x_wconf 91' lang='lat'>&gt;&lt;</span> <span class='ocrx_word' id='word_1_40' title='bbox 1990 529 2115 578; x_wconf 85' lang='lat' dir='ltr'>»quia</span> 
     </span>
     <span class='ocr_line' id='line_1_5' title="bbox 240 581 1414 635; baseline -0.003 -9"><span class='ocrx_word' id='word_1_41' title='bbox 240 595 374 626; x_wconf 86' lang='lat' dir='ltr'>nemo</span> <span class='ocrx_word' id='word_1_42' title='bbox 405 594 600 635; x_wconf 85' lang='lat' dir='ltr'>unquam</span> <span class='ocrx_word' id='word_1_43' title='bbox 631 594 807 623; x_wconf 87' lang='lat' dir='ltr'>carnem</span> <span class='ocrx_word' id='word_1_44' title='bbox 840 592 992 621; x_wconf 81' lang='lat' dir='ltr'>suam«</span> <span class='ocrx_word' id='word_1_45' title='bbox 1029 582 1192 629; x_wconf 85' lang='lat' dir='ltr'>(cetera</span> <span class='ocrx_word' id='word_1_46' title='bbox 1223 581 1414 631; x_wconf 84' lang='lat' dir='ltr'>desunt).</span> 
     </span>
    </p>

    <p class='ocr_par' dir='ltr' id='par_1_3' title="bbox 379 637 1486 690">
     <span class='ocr_line' id='line_1_6' title="bbox 379 637 1486 690; baseline -0.003 -8"><span class='ocrx_word' id='word_1_47' title='bbox 379 642 407 683; x_wconf 89' lang='lat' dir='ltr'>f.</span> <span class='ocrx_word' id='word_1_48' title='bbox 440 637 713 681; x_wconf 73' lang='lat' dir='ltr'>237b-242b</span> <span class='ocrx_word' id='word_1_49' title='bbox 749 638 1106 681; x_wconf 84' lang='lat' dir='ltr'>›Concordancie</span> <span class='ocrx_word' id='word_1_50' title='bbox 1138 641 1486 690; x_wconf 73' lang='lat' dir='ltr'>scripturarum«</span> 
     </span>
    </p>

    <p class='ocr_par' dir='ltr' id='par_1_4' title="bbox 380 695 1550 750">
     <span class='ocr_line' id='line_1_7' title="bbox 380 695 1550 750; baseline -0.003 -10"><span class='ocrx_word' id='word_1_51' title='bbox 380 700 407 741; x_wconf 83' lang='lat' dir='ltr'>f.</span> <span class='ocrx_word' id='word_1_52' title='bbox 440 695 716 739; x_wconf 63' lang='lat'>2432—24412</span> <span class='ocrx_word' id='word_1_53' title='bbox 746 698 1064 750; x_wconf 90' lang='lat' dir='ltr'>Aequivocatio</span> <span class='ocrx_word' id='word_1_54' title='bbox 1095 699 1264 736; x_wconf 86' lang='lat' dir='ltr'><strong>termini</strong></span> <span class='ocrx_word' id='word_1_55' title='bbox 1301 698 1550 737; x_wconf 79' lang='lat' dir='ltr'>»ecclesia«.</span> 
     </span>
    </p>

    <p class='ocr_par' dir='ltr' id='par_1_5' title="bbox 239 753 2113 857">
     <span class='ocr_line' id='line_1_8' title="bbox 379 753 2113 809; baseline -0.001 -11"><span class='ocrx_word' id='word_1_56' title='bbox 379 758 407 799; x_wconf 85' lang='lat' dir='ltr'>f.</span> <span class='ocrx_word' id='word_1_57' title='bbox 440 753 715 797; x_wconf 78' lang='lat' dir='ltr'>245b—246b</span> <span class='ocrx_word' id='word_1_58' title='bbox 746 754 884 795; x_wconf 90' lang='lat' dir='ltr'>Notae</span> <span class='ocrx_word' id='word_1_59' title='bbox 915 756 1061 794; x_wconf 86' lang='lat' dir='ltr'>variae</span> <span class='ocrx_word' id='word_1_60' title='bbox 1094 754 1378 806; x_wconf 84' lang='lat' dir='ltr'>theologicae,</span> <span class='ocrx_word' id='word_1_61' title='bbox 1412 767 1595 807; x_wconf 84' lang='lat' dir='ltr'>quarum</span> <span class='ocrx_word' id='word_1_62' title='bbox 1630 768 1730 807; x_wconf 87' lang='lat' dir='ltr'>pars</span> <span class='ocrx_word' id='word_1_63' title='bbox 1764 760 1891 796; x_wconf 88' lang='lat' dir='ltr'>etiam</span> <span class='ocrx_word' id='word_1_64' title='bbox 1925 761 1967 796; x_wconf 90' lang='lat' dir='ltr'>in</span> <span class='ocrx_word' id='word_1_65' title='bbox 1990 769 2113 809; x_wconf 89' lang='lat' dir='ltr'>oper-</span> 
     </span>
     <span class='ocr_line' id='line_1_9' title="bbox 239 818 469 857; baseline -0.009 0"><span class='ocrx_word' id='word_1_66' title='bbox 239 818 349 857; x_wconf 76' lang='lat' dir='ltr'>cufis</span> <span class='ocrx_word' id='word_1_67' title='bbox 387 819 469 856; x_wconf 58' lang='lat' dir='ltr'>esh</span> 
     </span>
    </p>
   </div>
   <div class='ocr_carea' id='block_1_3' title="bbox 381 926 1380 984">
    <p class='ocr_par' dir='ltr' id='par_1_6' title="bbox 381 926 1380 984">
     <span class='ocr_line' id='line_1_10' title="bbox 381 926 1380 984; baseline -0.007 -1"><span class='ocrx_word' id='word_1_68' title='bbox 381 929 513 984; x_wconf 92' lang='grc'><strong>1070</strong></span> <span class='ocrx_word' id='word_1_69' title='bbox 1090 926 1170 976; x_wconf 86' lang='lat' dir='ltr'>VI.</span> <span class='ocrx_word' id='word_1_70' title='bbox 1212 927 1258 976; x_wconf 82' lang='lat' dir='ltr'>C.</span> <span class='ocrx_word' id='word_1_71' title='bbox 1296 927 1380 976; x_wconf 86' lang='grc'>12.</span> 
     </span>
    </p>
   </div>
   <div class='ocr_carea' id='block_1_4' title="bbox 238 1020 1520 1074">
    <p class='ocr_par' dir='ltr' id='par_1_7' title="bbox 238 1020 1520 1074">
     <span class='ocr_line' id='line_1_11' title="bbox 238 1020 1520 1074; baseline -0.004 -8"><span class='ocrx_word' id='word_1_72' title='bbox 238 1025 382 1066; x_wconf 84' lang='lat' dir='ltr'><em>chart.</em></span> <span class='ocrx_word' id='word_1_73' title='bbox 413 1034 530 1064; x_wconf 82' lang='lat' dir='ltr'>saec.</span> <span class='ocrx_word' id='word_1_74' title='bbox 563 1020 638 1062; x_wconf 90' lang='grc' dir='ltr'>ΧῙ</span> <span class='ocrx_word' id='word_1_75' title='bbox 642 1021 782 1062; x_wconf 91' lang='lat' dir='ltr'>V—X</span> <span class='ocrx_word' id='word_1_76' title='bbox 786 1021 824 1060; x_wconf 93' lang='lat' dir='ltr'><em>V</em></span> <span class='ocrx_word' id='word_1_77' title='bbox 828 1020 894 1074; x_wconf 80' lang='lat' dir='ltr'><strong><em>ff</em></strong></span> <span class='ocrx_word' id='word_1_78' title='bbox 925 1022 1024 1070; x_wconf 84' lang='grc'><em>225,</em></span> <span class='ocrx_word' id='word_1_79' title='bbox 1053 1021 1113 1063; x_wconf 86' lang='grc'>30</span> <span class='ocrx_word' id='word_1_80' title='bbox 1133 1022 1176 1059; x_wconf 94' lang='grc'>&gt;&lt;</span> <span class='ocrx_word' id='word_1_81' title='bbox 1198 1021 1255 1061; x_wconf 93' lang='grc'>22</span> <span class='ocrx_word' id='word_1_82' title='bbox 1286 1032 1368 1061; x_wconf 89' lang='lat' dir='ltr'>cm.</span> <span class='ocrx_word' id='word_1_83' title='bbox 1400 1021 1423 1061; x_wconf 86' lang='lat'><strong><em>1</em></strong></span> <span class='ocrx_word' id='word_1_84' title='bbox 1461 1033 1520 1061; x_wconf 84' lang='lat' dir='ltr'>m.</span> 
     </span>
    </p>
   </div>
   <div class='ocr_carea' id='block_1_5' title="bbox 236 1102 2115 1386">
    <p class='ocr_par' dir='ltr' id='par_1_8' title="bbox 236 1102 2115 1386">
     <span class='ocr_line' id='line_1_12' title="bbox 238 1102 2115 1156; baseline -0.002 -9"><span class='ocrx_word' id='word_1_85' title='bbox 238 1106 487 1147; x_wconf 84' lang='lat' dir='ltr'>Sermones</span> <span class='ocrx_word' id='word_1_86' title='bbox 518 1102 575 1144; x_wconf 91' lang='lat' dir='ltr'>de</span> <span class='ocrx_word' id='word_1_87' title='bbox 603 1106 816 1154; x_wconf 88' lang='lat' dir='ltr'>tempore</span> <span class='ocrx_word' id='word_1_88' title='bbox 847 1114 875 1144; x_wconf 90' lang='lat' dir='ltr'>a</span> <span class='ocrx_word' id='word_1_89' title='bbox 906 1114 942 1143; x_wconf 93' lang='lat' dir='ltr'>s.</span> <span class='ocrx_word' id='word_1_90' title='bbox 979 1103 1187 1144; x_wconf 88' lang='lat' dir='ltr'>trinitate</span> <span class='ocrx_word' id='word_1_91' title='bbox 1219 1114 1368 1154; x_wconf 90' lang='lat' dir='ltr'>usque</span> <span class='ocrx_word' id='word_1_92' title='bbox 1399 1103 1456 1144; x_wconf 88' lang='lat' dir='ltr'>ad</span> <span class='ocrx_word' id='word_1_93' title='bbox 1478 1103 1734 1144; x_wconf 89' lang='lat' dir='ltr'>adventum</span> <span class='ocrx_word' id='word_1_94' title='bbox 1765 1104 1940 1156; x_wconf 89' lang='lat' dir='ltr'>(Insunt</span> <span class='ocrx_word' id='word_1_95' title='bbox 1970 1105 2115 1145; x_wconf 88' lang='lat' dir='ltr'>homi-</span> 
     </span>
     <span class='ocr_line' id='line_1_13' title="bbox 352 1160 1999 1214; baseline -0.001 -11"><span class='ocrx_word' id='word_1_96' title='bbox 352 1162 418 1203; x_wconf 85' lang='lat' dir='ltr'>lia</span> <span class='ocrx_word' id='word_1_97' title='bbox 446 1164 660 1202; x_wconf 87' lang='lat' dir='ltr'>veterum</span> <span class='ocrx_word' id='word_1_98' title='bbox 690 1163 877 1212; x_wconf 86' lang='lat' dir='ltr'>patrum</span> <span class='ocrx_word' id='word_1_99' title='bbox 909 1161 1071 1209; x_wconf 88' lang='lat' dir='ltr'>Bedae,</span> <span class='ocrx_word' id='word_1_100' title='bbox 1117 1161 1364 1213; x_wconf 84' lang='lat' dir='ltr'>Augustini,</span> <span class='ocrx_word' id='word_1_101' title='bbox 1399 1160 1608 1213; x_wconf 87' lang='lat' dir='ltr'>Gregorii,</span> <span class='ocrx_word' id='word_1_102' title='bbox 1642 1161 1821 1214; x_wconf 87' lang='lat' dir='ltr'>Remigii</span> <span class='ocrx_word' id='word_1_103' title='bbox 1853 1166 1896 1202; x_wconf 91' lang='lat' dir='ltr'>et</span> <span class='ocrx_word' id='word_1_104' title='bbox 1926 1163 1999 1212; x_wconf 87' lang='lat' dir='ltr'>al.)</span> 
     </span>
     <span class='ocr_line' id='line_1_14' title="bbox 377 1221 2114 1269; baseline -0.001 -10"><span class='ocrx_word' id='word_1_105' title='bbox 377 1223 401 1261; x_wconf 89' lang='lat' dir='ltr'>f.</span> <span class='ocrx_word' id='word_1_106' title='bbox 436 1221 538 1259; x_wconf 87' lang='lat'>225·</span> <span class='ocrx_word' id='word_1_107' title='bbox 567 1222 664 1258; x_wconf 88' lang='lat' dir='ltr'>haec</span> <span class='ocrx_word' id='word_1_108' title='bbox 694 1222 851 1258; x_wconf 81' lang='lat' dir='ltr'>rubrica</span> <span class='ocrx_word' id='word_1_109' title='bbox 882 1222 1073 1259; x_wconf 87' lang='lat' dir='ltr'>occurrit:</span> <span class='ocrx_word' id='word_1_110' title='bbox 1140 1221 1279 1258; x_wconf 86' lang='lat' dir='ltr'>»Liber</span> <span class='ocrx_word' id='word_1_111' title='bbox 1319 1221 1546 1259; x_wconf 89' lang='lat' dir='ltr'>monasterii</span> <span class='ocrx_word' id='word_1_112' title='bbox 1589 1223 1732 1259; x_wconf 89' lang='lat' dir='ltr'>domus</span> <span class='ocrx_word' id='word_1_113' title='bbox 1764 1234 1796 1260; x_wconf 93' lang='lat' dir='ltr'>s.</span> <span class='ocrx_word' id='word_1_114' title='bbox 1830 1223 1957 1269; x_wconf 88' lang='lat' dir='ltr'>Egidii</span> <span class='ocrx_word' id='word_1_115' title='bbox 1989 1234 2114 1260; x_wconf 88' lang='lat' dir='ltr'>cano-</span> 
     </span>
     <span class='ocr_line' id='line_1_15' title="bbox 236 1278 2114 1330; baseline -0.001 -11"><span class='ocrx_word' id='word_1_116' title='bbox 236 1282 415 1319; x_wconf 87' lang='lat' dir='ltr'>nicorum</span> <span class='ocrx_word' id='word_1_117' title='bbox 445 1279 681 1327; x_wconf 88' lang='lat' dir='ltr'>regularium</span> <span class='ocrx_word' id='word_1_118' title='bbox 713 1281 795 1317; x_wconf 88' lang='lat' dir='ltr'>ord.</span> <span class='ocrx_word' id='word_1_119' title='bbox 830 1290 861 1316; x_wconf 93' lang='lat' dir='ltr'>s.</span> <span class='ocrx_word' id='word_1_120' title='bbox 894 1280 1063 1327; x_wconf 86' lang='lat' dir='ltr'>August.</span> <span class='ocrx_word' id='word_1_121' title='bbox 1095 1281 1136 1315; x_wconf 89' lang='lat' dir='ltr'>in</span> <span class='ocrx_word' id='word_1_122' title='bbox 1168 1279 1344 1316; x_wconf 88' lang='lat' dir='ltr'>Trzebon</span> <span class='ocrx_word' id='word_1_123' title='bbox 1377 1280 1475 1316; x_wconf 91' lang='lat' dir='ltr'>alias</span> <span class='ocrx_word' id='word_1_124' title='bbox 1507 1281 1547 1316; x_wconf 90' lang='lat' dir='ltr'>in</span> <span class='ocrx_word' id='word_1_125' title='bbox 1578 1280 1781 1327; x_wconf 82' lang='lat' dir='ltr'>Wignav«</span> <span class='ocrx_word' id='word_1_126' title='bbox 1816 1278 1925 1330; x_wconf 88' lang='lat' dir='ltr'>(sic).</span> <span class='ocrx_word' id='word_1_127' title='bbox 1967 1282 2114 1318; x_wconf 87' lang='lat' dir='ltr'>Deinde</span> 
     </span>
     <span class='ocr_line' id='line_1_16' title="bbox 236 1337 1988 1386; baseline -0.001 -9"><span class='ocrx_word' id='word_1_128' title='bbox 236 1341 368 1377; x_wconf 88' lang='lat' dir='ltr'>codex</span> <span class='ocrx_word' id='word_1_129' title='bbox 399 1342 484 1377; x_wconf 87' lang='lat' dir='ltr'>erat</span> <span class='ocrx_word' id='word_1_130' title='bbox 514 1338 608 1375; x_wconf 87' lang='lat' dir='ltr'>bibl.</span> <span class='ocrx_word' id='word_1_131' title='bbox 656 1337 982 1385; x_wconf 87' lang='lat' dir='ltr'>Rosenbergicae,</span> <span class='ocrx_word' id='word_1_132' title='bbox 1016 1348 1064 1374; x_wconf 86' lang='lat' dir='ltr'>ex</span> <span class='ocrx_word' id='word_1_133' title='bbox 1096 1349 1173 1384; x_wconf 90' lang='lat' dir='ltr'>qua</span> <span class='ocrx_word' id='word_1_134' title='bbox 1204 1339 1407 1374; x_wconf 88' lang='lat' dir='ltr'>restitutus</span> <span class='ocrx_word' id='word_1_135' title='bbox 1439 1343 1500 1374; x_wconf 88' lang='lat' dir='ltr'>est</span> <span class='ocrx_word' id='word_1_136' title='bbox 1531 1339 1770 1375; x_wconf 87' lang='lat' dir='ltr'>monasterio</span> <span class='ocrx_word' id='word_1_137' title='bbox 1802 1339 1988 1386; x_wconf 90' lang='lat' dir='ltr'>praefato.</span> 
     </span>
    </p>
   </div>
   <div class='ocr_carea' id='block_1_6' title="bbox 378 1449 1323 1505">
    <p class='ocr_par' dir='ltr' id='par_1_9' title="bbox 378 1449 1323 1505">
     <span class='ocr_line' id='line_1_17' title="bbox 378 1449 1323 1505; baseline -0.004 -1"><span class='ocrx_word' id='word_1_138' title='bbox 378 1450 492 1505; x_wconf 91' lang='grc'><strong>1071</strong></span> <span class='ocrx_word' id='word_1_139' title='bbox 1030 1450 1116 1500; x_wconf 91' lang='lat' dir='ltr'>VI.</span> <span class='ocrx_word' id='word_1_140' title='bbox 1158 1449 1204 1499; x_wconf 88' lang='lat' dir='ltr'>C.</span> <span class='ocrx_word' id='word_1_141' title='bbox 1246 1450 1323 1500; x_wconf 80' lang='grc'>13.</span> 
     </span>
    </p>
   </div>
   <div class='ocr_carea' id='block_1_7' title="bbox 237 1541 1939 1598">
    <p class='ocr_par' dir='ltr' id='par_1_10' title="bbox 237 1541 1939 1598">
     <span class='ocr_line' id='line_1_18' title="bbox 237 1541 1939 1598; baseline -0.001 -12"><span class='ocrx_word' id='word_1_142' title='bbox 237 1545 381 1586; x_wconf 74' lang='lat' dir='ltr'>chart.</span> <span class='ocrx_word' id='word_1_143' title='bbox 411 1555 530 1585; x_wconf 77' lang='lat' dir='ltr'>saec.</span> <span class='ocrx_word' id='word_1_144' title='bbox 560 1543 701 1584; x_wconf 86' lang='lat' dir='ltr'><em>XVII</em></span> <span class='ocrx_word' id='word_1_145' title='bbox 719 1543 771 1597; x_wconf 72' lang='lat' dir='ltr'>ff.</span> <span class='ocrx_word' id='word_1_146' title='bbox 805 1543 903 1592; x_wconf 82' lang='lat'><strong><em>609,</em></strong></span> <span class='ocrx_word' id='word_1_147' title='bbox 937 1543 1091 1596; x_wconf 70' lang='lat' dir='ltr'>(zpp.</span> <span class='ocrx_word' id='word_1_148' title='bbox 1124 1541 1332 1597; x_wconf 71' lang='lat'><em>1209÷5</em></span> <span class='ocrx_word' id='word_1_149' title='bbox 1355 1543 1441 1598; x_wconf 82' lang='lat' dir='ltr'>ff),</span> <span class='ocrx_word' id='word_1_150' title='bbox 1469 1546 1523 1586; x_wconf 81' lang='lat'>31</span> <span class='ocrx_word' id='word_1_151' title='bbox 1545 1546 1663 1586; x_wconf 83' lang='lat'><em>&gt;&lt;20</em></span> <span class='ocrx_word' id='word_1_152' title='bbox 1693 1559 1778 1587; x_wconf 75' lang='lat' dir='ltr'>cm.</span> <span class='ocrx_word' id='word_1_153' title='bbox 1810 1547 1833 1587; x_wconf 90' lang='lat'><strong><em>1</em></strong></span> <span class='ocrx_word' id='word_1_154' title='bbox 1876 1557 1939 1585; x_wconf 80' lang='lat' dir='ltr'>m.</span> 
     </span>
    </p>
   </div>
   <div class='ocr_carea' id='block_1_8' title="bbox 235 1618 2116 1858">
    <p class='ocr_par' dir='ltr' id='par_1_11' title="bbox 235 1618 2116 1854">
     <span class='ocr_line' id='line_1_19' title="bbox 235 1618 2115 1678; baseline -0.001 -11"><span class='ocrx_word' id='word_1_155' title='bbox 235 1624 556 1667; x_wconf 80' lang='lat' dir='ltr'>Memorabilia</span> <span class='ocrx_word' id='word_1_156' title='bbox 596 1625 872 1666; x_wconf 87' lang='lat' dir='ltr'>monasterii</span> <span class='ocrx_word' id='word_1_157' title='bbox 914 1618 1302 1665; x_wconf 70' lang='lat' dir='ltr'>Chotesoviensis</span> <span class='ocrx_word' id='word_1_158' title='bbox 1344 1627 1431 1666; x_wconf 92' lang='lat' dir='ltr'>sub</span> <span class='ocrx_word' id='word_1_159' title='bbox 1472 1626 1695 1678; x_wconf 90' lang='lat' dir='ltr'>regimine</span> <span class='ocrx_word' id='word_1_160' title='bbox 1726 1628 1967 1669; x_wconf 70' lang='lat' dir='ltr'>Michaelis</span> <span class='ocrx_word' id='word_1_161' title='bbox 2000 1626 2115 1668; x_wconf 93' lang='lat' dir='ltr'>Nor-</span> 
     </span>
     <span class='ocr_line' id='line_1_20' title="bbox 237 1682 2116 1737; baseline 0 -12"><span class='ocrx_word' id='word_1_162' title='bbox 237 1683 356 1725; x_wconf 84' lang='lat' dir='ltr'>berti</span> <span class='ocrx_word' id='word_1_163' title='bbox 385 1683 536 1734; x_wconf 88' lang='lat' dir='ltr'>Kastl,</span> <span class='ocrx_word' id='word_1_164' title='bbox 567 1683 824 1735; x_wconf 85' lang='lat' dir='ltr'>praepositi</span> <span class='ocrx_word' id='word_1_165' title='bbox 865 1682 1080 1724; x_wconf 90' lang='lat' dir='ltr'>eiusdem</span> <span class='ocrx_word' id='word_1_166' title='bbox 1110 1694 1149 1723; x_wconf 91' lang='lat' dir='ltr'>a.</span> <span class='ocrx_word' id='word_1_167' title='bbox 1186 1682 1485 1736; x_wconf 88' lang='lat'>1666—1682‚</span> <span class='ocrx_word' id='word_1_168' title='bbox 1527 1686 1584 1726; x_wconf 92' lang='lat' dir='ltr'>ab</span> <span class='ocrx_word' id='word_1_169' title='bbox 1616 1686 1817 1737; x_wconf 90' lang='lat' dir='ltr'>ipsomet</span> <span class='ocrx_word' id='word_1_170' title='bbox 1849 1687 2116 1736; x_wconf 89' lang='lat' dir='ltr'>conscripta</span> 
     </span>
     <span class='ocr_line' id='line_1_21' title="bbox 237 1740 2116 1793; baseline 0 -10"><span class='ocrx_word' id='word_1_171' title='bbox 237 1746 284 1783; x_wconf 87' lang='lat' dir='ltr'>et</span> <span class='ocrx_word' id='word_1_172' title='bbox 313 1741 525 1792; x_wconf 89' lang='lat' dir='ltr'>collecta,</span> <span class='ocrx_word' id='word_1_173' title='bbox 572 1742 742 1793; x_wconf 90' lang='lat' dir='ltr'>quibus</span> <span class='ocrx_word' id='word_1_174' title='bbox 783 1741 1011 1782; x_wconf 88' lang='lat' dir='ltr'>accedunt</span> <span class='ocrx_word' id='word_1_175' title='bbox 1052 1740 1255 1792; x_wconf 87' lang='lat' dir='ltr'>plurima</span> <span class='ocrx_word' id='word_1_176' title='bbox 1299 1745 1522 1785; x_wconf 87' lang='lat' dir='ltr'>extranea</span> <span class='ocrx_word' id='word_1_177' title='bbox 1553 1744 1611 1784; x_wconf 91' lang='lat' dir='ltr'>ad</span> <span class='ocrx_word' id='word_1_178' title='bbox 1641 1744 1971 1786; x_wconf 89' lang='lat' dir='ltr'>illustrandum</span> <span class='ocrx_word' id='word_1_179' title='bbox 2003 1744 2116 1784; x_wconf 92' lang='lat' dir='ltr'>illud</span> 
     </span>
     <span class='ocr_line' id='line_1_22' title="bbox 235 1799 2116 1858; baseline -0.001 -16"><span class='ocrx_word' id='word_1_180' title='bbox 235 1811 407 1842; x_wconf 86' lang='lat' dir='ltr'>aevum</span> <span class='ocrx_word' id='word_1_181' title='bbox 437 1800 712 1852; x_wconf 83' lang='lat' dir='ltr'>spectantia.</span> <span class='ocrx_word' id='word_1_182' title='bbox 760 1799 906 1848; x_wconf 87' lang='lat' dir='ltr'>(Libro</span> <span class='ocrx_word' id='word_1_183' title='bbox 939 1799 1040 1839; x_wconf 91' lang='lat' dir='ltr'>huic</span> <span class='ocrx_word' id='word_1_184' title='bbox 1082 1802 1244 1839; x_wconf 87' lang='lat' dir='ltr'>inserta</span> <span class='ocrx_word' id='word_1_185' title='bbox 1276 1804 1379 1839; x_wconf 88' lang='lat' dir='ltr'>sunt</span> <span class='ocrx_word' id='word_1_186' title='bbox 1425 1803 1637 1858; x_wconf 84' lang='lat' dir='ltr'>peimulta</span> <span class='ocrx_word' id='word_1_187' title='bbox 1679 1803 1944 1843; x_wconf 86' lang='lat' dir='ltr'>documenta</span> <span class='ocrx_word' id='word_1_188' title='bbox 1985 1805 2116 1843; x_wconf 85' lang='lat' dir='ltr'>latina</span> 
     </span>
    </p>
   </div>
   <div class='ocr_carea' id='block_1_9' title="bbox 235 1847 2115 1967">
    <p class='ocr_par' dir='ltr' id='par_1_12' title="bbox 235 1847 2115 1967">
     <span class='ocr_line' id='line_1_23' title="bbox 236 1847 2115 1915; baseline 0.001 -17"><span class='ocrx_word' id='word_1_189' title='bbox 236 1862 279 1898; x_wconf 91' lang='lat' dir='ltr'>et</span> <span class='ocrx_word' id='word_1_190' title='bbox 306 1861 566 1915; x_wconf 81' lang='lat' dir='ltr'>germanica,</span> <span class='ocrx_word' id='word_1_191' title='bbox 610 1870 676 1898; x_wconf 84' lang='lat' dir='ltr'>ex.</span> <span class='ocrx_word' id='word_1_192' title='bbox 719 1869 780 1909; x_wconf 91' lang='lat' dir='ltr'>gr.</span> <span class='ocrx_word' id='word_1_193' title='bbox 824 1859 967 1898; x_wconf 86' lang='lat' dir='ltr'>literae</span> <span class='ocrx_word' id='word_1_194' title='bbox 1007 1855 1207 1897; x_wconf 86' lang='lat' dir='ltr'>Thomae</span> <span class='ocrx_word' id='word_1_195' title='bbox 1236 1855 1314 1897; x_wconf 63' lang='lat' dir='ltr'>Pes*</span> <span class='ocrx_word' id='word_1_196' title='bbox 1297 1860 1418 1900; x_wconf 84' lang='lat' dir='ltr'>inae</span> <span class='ocrx_word' id='word_1_197' title='bbox 1453 1861 1505 1900; x_wconf 93' lang='lat' dir='ltr'>de</span> <span class='ocrx_word' id='word_1_198' title='bbox 1540 1847 1783 1905; x_wconf 82' lang='lat' dir='ltr'>Cechorod</span> <span class='ocrx_word' id='word_1_199' title='bbox 1823 1873 1935 1913; x_wconf 88' lang='lat' dir='ltr'>quas</span> <span class='ocrx_word' id='word_1_200' title='bbox 1969 1862 2037 1901; x_wconf 88' lang='lat' dir='ltr'>ed.</span> <span class='ocrx_word' id='word_1_201' title='bbox 2069 1859 2115 1902; x_wconf 92' lang='lat' dir='ltr'>F</span> 
     </span>
     <span class='ocr_line' id='line_1_24' title="bbox 235 1915 1044 1967; baseline -0.002 -11"><span class='ocrx_word' id='word_1_202' title='bbox 235 1915 393 1960; x_wconf 86' lang='lat' dir='ltr'>Tadra,</span> <span class='ocrx_word' id='word_1_203' title='bbox 425 1916 526 1958; x_wconf 89' lang='lat' dir='ltr'>Cas.</span> <span class='ocrx_word' id='word_1_204' title='bbox 559 1915 675 1956; x_wconf 88' lang='lat' dir='ltr'>Mus.</span> <span class='ocrx_word' id='word_1_205' title='bbox 713 1915 822 1956; x_wconf 82' lang='lat'>1904</span> <span class='ocrx_word' id='word_1_206' title='bbox 853 1928 893 1967; x_wconf 89' lang='lat' dir='ltr'>p.</span> <span class='ocrx_word' id='word_1_207' title='bbox 932 1915 1044 1964; x_wconf 76' lang='lat'>154.)</span> 
     </span>
    </p>
   </div>
   <div class='ocr_carea' id='block_1_10' title="bbox 236 1974 2115 2197">
    <p class='ocr_par' dir='ltr' id='par_1_13' title="bbox 236 1974 2115 2197">
     <span class='ocr_line' id='line_1_25' title="bbox 374 1974 2115 2023; baseline 0.001 -9"><span class='ocrx_word' id='word_1_208' title='bbox 374 1977 500 2014; x_wconf 88' lang='lat' dir='ltr'>Dorso</span> <span class='ocrx_word' id='word_1_209' title='bbox 531 1977 681 2013; x_wconf 89' lang='lat' dir='ltr'>codicis</span> <span class='ocrx_word' id='word_1_210' title='bbox 713 1977 945 2023; x_wconf 86' lang='lat' dir='ltr'>inscriptum</span> <span class='ocrx_word' id='word_1_211' title='bbox 976 1980 1036 2011; x_wconf 87' lang='lat' dir='ltr'>est</span> <span class='ocrx_word' id='word_1_212' title='bbox 1071 1974 1213 2012; x_wconf 82' lang='lat' dir='ltr'>›Mich.</span> <span class='ocrx_word' id='word_1_213' title='bbox 1249 1975 1363 2014; x_wconf 89' lang='lat' dir='ltr'>Kastl</span> <span class='ocrx_word' id='word_1_214' title='bbox 1393 1977 1503 2015; x_wconf 92' lang='lat' dir='ltr'>Tom.</span> <span class='ocrx_word' id='word_1_215' title='bbox 1535 1979 1591 2017; x_wconf 82' lang='lat' dir='ltr'>L«</span> <span class='ocrx_word' id='word_1_216' title='bbox 1642 1979 1788 2016; x_wconf 87' lang='lat' dir='ltr'>Codice</span> <span class='ocrx_word' id='word_1_217' title='bbox 1820 1980 1895 2016; x_wconf 85' lang='lat' dir='ltr'>hoc</span> <span class='ocrx_word' id='word_1_218' title='bbox 1927 1990 2024 2016; x_wconf 88' lang='lat' dir='ltr'>usus</span> <span class='ocrx_word' id='word_1_219' title='bbox 2056 1986 2115 2016; x_wconf 88' lang='lat' dir='ltr'>est</span> 
     </span>
     <span class='ocr_line' id='line_1_26' title="bbox 236 2023 2114 2085; baseline 0.002 -14"><span class='ocrx_word' id='word_1_220' title='bbox 236 2034 269 2072; x_wconf 88' lang='lat' dir='ltr'>J.</span> <span class='ocrx_word' id='word_1_221' title='bbox 302 2034 350 2072; x_wconf 89' lang='lat' dir='ltr'>V.</span> <span class='ocrx_word' id='word_1_222' title='bbox 383 2023 519 2072; x_wconf 68' lang='lat' dir='ltr'>Simak</span> <span class='ocrx_word' id='word_1_223' title='bbox 550 2035 590 2071; x_wconf 89' lang='lat' dir='ltr'>in</span> <span class='ocrx_word' id='word_1_224' title='bbox 623 2035 851 2071; x_wconf 89' lang='lat' dir='ltr'>enarrandis</span> <span class='ocrx_word' id='word_1_225' title='bbox 892 2034 1126 2071; x_wconf 85' lang='lat' dir='ltr'>rusticorum</span> <span class='ocrx_word' id='word_1_226' title='bbox 1168 2034 1415 2081; x_wconf 87' lang='lat' dir='ltr'>tumultibus,</span> <span class='ocrx_word' id='word_1_227' title='bbox 1463 2034 1629 2074; x_wconf 70' lang='lat' dir='ltr'>Vestnik</span> <span class='ocrx_word' id='word_1_228' title='bbox 1671 2035 1767 2075; x_wconf 78' lang='lat' dir='ltr'>kral,</span> <span class='ocrx_word' id='word_1_229' title='bbox 1802 2035 1836 2074; x_wconf 76' lang='grc' dir='ltr'>ὅ.</span> <span class='ocrx_word' id='word_1_230' title='bbox 1869 2039 1967 2085; x_wconf 89' lang='lat' dir='ltr'>spol.</span> <span class='ocrx_word' id='word_1_231' title='bbox 2006 2039 2114 2075; x_wconf 86' lang='lat'>1900</span> 
     </span>
     <span class='ocr_line' id='line_1_27' title="bbox 237 2091 2111 2135; baseline 0.002 -7"><span class='ocrx_word' id='word_1_232' title='bbox 237 2103 343 2129; x_wconf 89' lang='lat' dir='ltr'>num.</span> <span class='ocrx_word' id='word_1_233' title='bbox 389 2091 438 2130; x_wconf 90' lang='lat' dir='ltr'>X.</span> <span class='ocrx_word' id='word_1_234' title='bbox 480 2092 755 2129; x_wconf 90' lang='lat' dir='ltr'>Memorabilia</span> <span class='ocrx_word' id='word_1_235' title='bbox 802 2092 1018 2128; x_wconf 88' lang='grc'><strong>1683-91</strong></span> <span class='ocrx_word' id='word_1_236' title='bbox 1067 2102 1103 2128; x_wconf 85' lang='lat' dir='ltr'>V.</span> <span class='ocrx_word' id='word_1_237' title='bbox 1138 2091 1203 2129; x_wconf 91' lang='lat' dir='ltr'>XI.</span> <span class='ocrx_word' id='word_1_238' title='bbox 1236 2093 1284 2129; x_wconf 92' lang='lat' dir='ltr'>A.</span> <span class='ocrx_word' id='word_1_239' title='bbox 1322 2095 1384 2135; x_wconf 77' lang='lat'>11.</span> <span class='ocrx_word' id='word_1_240' title='bbox 1434 2094 1569 2131; x_wconf 83' lang='lat' dir='ltr'>Codex</span> <span class='ocrx_word' id='word_1_241' title='bbox 1611 2097 1694 2131; x_wconf 90' lang='lat' dir='ltr'>sine</span> <span class='ocrx_word' id='word_1_242' title='bbox 1737 2097 1859 2132; x_wconf 91' lang='lat' dir='ltr'>dubio</span> <span class='ocrx_word' id='word_1_243' title='bbox 1892 2107 1911 2131; x_wconf 91' lang='lat' dir='ltr'>e</span> <span class='ocrx_word' id='word_1_244' title='bbox 1943 2101 2111 2133; x_wconf 88' lang='lat' dir='ltr'>monast.</span> 
     </span>
     <span class='ocr_line' id='line_1_28' title="bbox 238 2147 947 2197; baseline 0.001 -11"><span class='ocrx_word' id='word_1_245' title='bbox 238 2147 541 2196; x_wconf 65' lang='lat' dir='ltr'>Chotesoviensi</span> <span class='ocrx_word' id='word_1_246' title='bbox 572 2152 623 2187; x_wconf 88' lang='lat' dir='ltr'>ad</span> <span class='ocrx_word' id='word_1_247' title='bbox 656 2160 729 2186; x_wconf 90' lang='lat' dir='ltr'>nos</span> <span class='ocrx_word' id='word_1_248' title='bbox 760 2153 947 2197; x_wconf 89' lang='lat' dir='ltr'>pervenit.</span> 
     </span>
    </p>
   </div>
   <div class='ocr_carea' id='block_1_11' title="bbox 377 2262 1332 2316">
    <p class='ocr_par' dir='ltr' id='par_1_14' title="bbox 377 2262 1332 2316">
     <span class='ocr_line' id='line_1_29' title="bbox 377 2262 1332 2316; baseline -0.004 0"><span class='ocrx_word' id='word_1_249' title='bbox 377 2262 504 2316; x_wconf 88' lang='grc'><strong>1072</strong></span> <span class='ocrx_word' id='word_1_250' title='bbox 1038 2265 1122 2314; x_wconf 93' lang='lat' dir='ltr'>VI.</span> <span class='ocrx_word' id='word_1_251' title='bbox 1165 2263 1213 2314; x_wconf 88' lang='lat' dir='ltr'>C.</span> <span class='ocrx_word' id='word_1_252' title='bbox 1250 2264 1332 2313; x_wconf 82' lang='grc'>14.</span> 
     </span>
    </p>
   </div>
   <div class='ocr_carea' id='block_1_12' title="bbox 237 2354 2111 2470">
    <p class='ocr_par' dir='ltr' id='par_1_15' title="bbox 237 2354 2111 2470">
     <span class='ocr_line' id='line_1_30' title="bbox 237 2354 2111 2410; baseline 0.003 -15"><span class='ocrx_word' id='word_1_253' title='bbox 237 2354 502 2396; x_wconf 76' lang='lat' dir='ltr'>Fasciculus</span> <span class='ocrx_word' id='word_1_254' title='bbox 529 2357 804 2410; x_wconf 69' lang='lat' dir='ltr'>scripwrum</span> <span class='ocrx_word' id='word_1_255' title='bbox 823 2368 937 2399; x_wconf 78' lang='lat' dir='ltr'>saec.</span> <span class='ocrx_word' id='word_1_256' title='bbox 957 2357 1100 2399; x_wconf 92' lang='lat' dir='ltr'><em>XVII</em></span> <span class='ocrx_word' id='word_1_257' title='bbox 1120 2358 1313 2399; x_wconf 73' lang='lat' dir='ltr'>diversis</span> <span class='ocrx_word' id='word_1_258' title='bbox 1342 2360 1559 2400; x_wconf 84' lang='lat' dir='ltr'>manibus</span> <span class='ocrx_word' id='word_1_259' title='bbox 1590 2360 1782 2401; x_wconf 80' lang='lat' dir='ltr'>dilucide</span> <span class='ocrx_word' id='word_1_260' title='bbox 1813 2364 2111 2403; x_wconf 74' lang='lat' dir='ltr'>exaratorum</span> 
     </span>
     <span class='ocr_line' id='line_1_31' title="bbox 238 2413 1367 2470; baseline 0.004 -17"><span class='ocrx_word' id='word_1_261' title='bbox 238 2415 277 2453; x_wconf 81' lang='lat' dir='ltr'>ct</span> <span class='ocrx_word' id='word_1_262' title='bbox 306 2413 354 2453; x_wconf 85' lang='lat' dir='ltr'>iu</span> <span class='ocrx_word' id='word_1_263' title='bbox 383 2425 525 2454; x_wconf 85' lang='lat' dir='ltr'>unum</span> <span class='ocrx_word' id='word_1_264' title='bbox 556 2415 764 2455; x_wconf 81' lang='lat' dir='ltr'>volumen</span> <span class='ocrx_word' id='word_1_265' title='bbox 792 2415 879 2456; x_wconf 78' lang='lat'>324</span> <span class='ocrx_word' id='word_1_266' title='bbox 893 2416 955 2470; x_wconf 82' lang='lat' dir='ltr'><em>ff</em></span> <span class='ocrx_word' id='word_1_267' title='bbox 989 2417 1367 2457; x_wconf 78' lang='lat' dir='ltr'>coadunatorum.</span> 
     </span>
    </p>
   </div>
   <div class='ocr_carea' id='block_1_13' title="bbox 237 2493 2115 2782">
    <p class='ocr_par' dir='ltr' id='par_1_16' title="bbox 237 2493 2114 2549">
     <span class='ocr_line' id='line_1_32' title="bbox 237 2493 2114 2549; baseline 0.004 -15"><span class='ocrx_word' id='word_1_268' title='bbox 237 2493 398 2545; x_wconf 79' lang='lat' dir='ltr'>Elogia</span> <span class='ocrx_word' id='word_1_269' title='bbox 422 2499 605 2546; x_wconf 86' lang='lat' dir='ltr'>patrum</span> <span class='ocrx_word' id='word_1_270' title='bbox 627 2508 712 2537; x_wconf 90' lang='lat' dir='ltr'>nec</span> <span class='ocrx_word' id='word_1_271' title='bbox 733 2508 829 2537; x_wconf 90' lang='lat' dir='ltr'>non</span> <span class='ocrx_word' id='word_1_272' title='bbox 850 2498 1028 2548; x_wconf 91' lang='lat' dir='ltr'>aliquot</span> <span class='ocrx_word' id='word_1_273' title='bbox 1048 2498 1335 2549; x_wconf 87' lang='lat' dir='ltr'>generalium</span> <span class='ocrx_word' id='word_1_274' title='bbox 1356 2499 1603 2541; x_wconf 91' lang='lat' dir='ltr'>Societatis</span> <span class='ocrx_word' id='word_1_275' title='bbox 1624 2501 1740 2541; x_wconf 90' lang='lat' dir='ltr'>Jesu</span> <span class='ocrx_word' id='word_1_276' title='bbox 1762 2513 1801 2542; x_wconf 90' lang='lat' dir='ltr'>a.</span> <span class='ocrx_word' id='word_1_277' title='bbox 1829 2500 2114 2542; x_wconf 82' lang='lat'>1580—1687</span> 
     </span>
    </p>

    <p class='ocr_par' dir='ltr' id='par_1_17' title="bbox 238 2555 2112 2624">
     <span class='ocr_line' id='line_1_33' title="bbox 238 2555 2112 2624; baseline 0.004 -32"><span class='ocrx_word' id='word_1_278' title='bbox 238 2557 541 2603; x_wconf 86' lang='lat' dir='ltr'>mortuorum,</span> <span class='ocrx_word' id='word_1_279' title='bbox 573 2566 601 2595; x_wconf 91' lang='lat' dir='ltr'>a</span> <span class='ocrx_word' id='word_1_280' title='bbox 631 2555 954 2606; x_wconf 90' lang='lat' dir='ltr'>superioribus</span> <span class='ocrx_word' id='word_1_281' title='bbox 995 2556 1250 2597; x_wconf 88' lang='lat' dir='ltr'>maximam</span> <span class='ocrx_word' id='word_1_282' title='bbox 1280 2561 1461 2624; x_wconf 79' lang='lat' dir='ltr'>partem</span> <span class='ocrx_word' id='word_1_283' title='bbox 1491 2559 1661 2600; x_wconf 87' lang='lat' dir='ltr'>rectori</span> <span class='ocrx_word' id='word_1_284' title='bbox 1694 2559 1875 2611; x_wconf 92' lang='lat' dir='ltr'>collegii</span> <span class='ocrx_word' id='word_1_285' title='bbox 1907 2559 2112 2601; x_wconf 89' lang='lat' dir='ltr'>Klatovi-</span> 
     </span>
    </p>

    <p class='ocr_par' dir='ltr' id='par_1_18' title="bbox 238 2609 2115 2715">
     <span class='ocr_line' id='line_1_34' title="bbox 238 2609 2115 2667; baseline 0.005 -18"><span class='ocrx_word' id='word_1_286' title='bbox 238 2609 368 2650; x_wconf 87' lang='lat' dir='ltr'>ensis</span> <span class='ocrx_word' id='word_1_287' title='bbox 399 2610 557 2661; x_wconf 82' lang='lat' dir='ltr'>missa,</span> <span class='ocrx_word' id='word_1_288' title='bbox 598 2623 796 2663; x_wconf 90' lang='lat' dir='ltr'>quorum</span> <span class='ocrx_word' id='word_1_289' title='bbox 836 2614 1061 2654; x_wconf 88' lang='lat' dir='ltr'>nonnulla</span> <span class='ocrx_word' id='word_1_290' title='bbox 1099 2615 1376 2666; x_wconf 85' lang='lat' dir='ltr'>germanica,</span> <span class='ocrx_word' id='word_1_291' title='bbox 1417 2617 1641 2658; x_wconf 88' lang='lat' dir='ltr'>nonnulla</span> <span class='ocrx_word' id='word_1_292' title='bbox 1671 2617 1924 2667; x_wconf 90' lang='lat' dir='ltr'>bohemica,</span> <span class='ocrx_word' id='word_1_293' title='bbox 1957 2618 2115 2658; x_wconf 91' lang='lat' dir='ltr'>omnia</span> 
     </span>
     <span class='ocr_line' id='line_1_35' title="bbox 868 2673 1481 2715; baseline 0.005 -3"><span class='ocrx_word' id='word_1_294' title='bbox 868 2675 1026 2713; x_wconf 87' lang='lat' dir='ltr'>autem</span> <span class='ocrx_word' id='word_1_295' title='bbox 1057 2673 1327 2714; x_wconf 86' lang='lat' dir='ltr'>authentica</span> <span class='ocrx_word' id='word_1_296' title='bbox 1357 2679 1481 2715; x_wconf 91' lang='lat' dir='ltr'>sunt.</span> 
     </span>
    </p>

    <p class='ocr_par' dir='ltr' id='par_1_19' title="bbox 377 2727 2111 2782">
     <span class='ocr_line' id='line_1_36' title="bbox 377 2727 2111 2782; baseline 0.005 -18"><span class='ocrx_word' id='word_1_297' title='bbox 377 2727 606 2766; x_wconf 88' lang='lat' dir='ltr'>Fasciculus</span> <span class='ocrx_word' id='word_1_298' title='bbox 647 2730 709 2767; x_wconf 89' lang='lat' dir='ltr'>hic</span> <span class='ocrx_word' id='word_1_299' title='bbox 751 2732 836 2768; x_wconf 86' lang='lat' dir='ltr'>sine</span> <span class='ocrx_word' id='word_1_300' title='bbox 878 2733 997 2769; x_wconf 90' lang='lat' dir='ltr'>dubio</span> <span class='ocrx_word' id='word_1_301' title='bbox 1039 2743 1087 2769; x_wconf 87' lang='lat' dir='ltr'>ex</span> <span class='ocrx_word' id='word_1_302' title='bbox 1119 2733 1284 2780; x_wconf 87' lang='lat' dir='ltr'>collegio</span> <span class='ocrx_word' id='word_1_303' title='bbox 1317 2734 1356 2772; x_wconf 88' lang='lat' dir='ltr'>S.</span> <span class='ocrx_word' id='word_1_304' title='bbox 1391 2735 1424 2773; x_wconf 87' lang='lat' dir='ltr'>J.</span> <span class='ocrx_word' id='word_1_305' title='bbox 1458 2736 1704 2772; x_wconf 87' lang='lat' dir='ltr'>Klatoviensi</span> <span class='ocrx_word' id='word_1_306' title='bbox 1736 2737 1785 2771; x_wconf 86' lang='lat' dir='ltr'>ad</span> <span class='ocrx_word' id='word_1_307' title='bbox 1818 2746 1891 2772; x_wconf 88' lang='lat' dir='ltr'>nos</span> <span class='ocrx_word' id='word_1_308' title='bbox 1923 2737 2111 2782; x_wconf 87' lang='lat' dir='ltr'>pervenit.</span> 
     </span>
    </p>
   </div>
   <div class='ocr_carea' id='block_1_14' title="bbox 240 2839 1351 2990">
    <p class='ocr_par' dir='ltr' id='par_1_20' title="bbox 240 2839 1351 2990">
     <span class='ocr_line' id='line_1_37' title="bbox 383 2839 1316 2896; baseline 0.004 -4"><span class='ocrx_word' id='word_1_309' title='bbox 383 2839 514 2893; x_wconf 88' lang='grc'><strong>1073</strong></span> <span class='ocrx_word' id='word_1_310' title='bbox 1026 2846 1106 2895; x_wconf 84' lang='lat' dir='ltr'>VI.</span> <span class='ocrx_word' id='word_1_311' title='bbox 1149 2845 1195 2896; x_wconf 89' lang='lat' dir='ltr'>C.</span> <span class='ocrx_word' id='word_1_312' title='bbox 1235 2847 1316 2896; x_wconf 84' lang='lat'>15.</span> 
     </span>
     <span class='ocr_line' id='line_1_38' title="bbox 240 2932 1351 2990; baseline 0.007 -18"><span class='ocrx_word' id='word_1_313' title='bbox 240 2932 385 2974; x_wconf 82' lang='lat' dir='ltr'>chart.</span> <span class='ocrx_word' id='word_1_314' title='bbox 415 2945 533 2975; x_wconf 85' lang='lat' dir='ltr'>saec.</span> <span class='ocrx_word' id='word_1_315' title='bbox 565 2934 679 2976; x_wconf 93' lang='lat' dir='ltr'>XVI</span> <span class='ocrx_word' id='word_1_316' title='bbox 701 2936 755 2990; x_wconf 87' lang='lat' dir='ltr'>ff.</span> <span class='ocrx_word' id='word_1_317' title='bbox 787 2939 856 2987; x_wconf 83' lang='lat'>50,</span> <span class='ocrx_word' id='word_1_318' title='bbox 887 2941 942 2980; x_wconf 85' lang='lat'>31</span> <span class='ocrx_word' id='word_1_319' title='bbox 962 2940 1006 2978; x_wconf 92' lang='lat'>&gt;&lt;</span> <span class='ocrx_word' id='word_1_320' title='bbox 1025 2939 1084 2981; x_wconf 89' lang='grc'>20</span> <span class='ocrx_word' id='word_1_321' title='bbox 1114 2953 1197 2981; x_wconf 85' lang='lat' dir='ltr'>cm.</span> <span class='ocrx_word' id='word_1_322' title='bbox 1237 2942 1255 2981; x_wconf 89' lang='lat' dir='ltr'>l</span> <span class='ocrx_word' id='word_1_323' title='bbox 1290 2954 1351 2982; x_wconf 84' lang='lat' dir='ltr'>m.</span> 
     </span>
    </p>
   </div>
   <div class='ocr_carea' id='block_1_15' title="bbox 239 3013 2113 3122">
    <p class='ocr_par' dir='ltr' id='par_1_21' title="bbox 239 3013 2113 3122">
     <span class='ocr_line' id='line_1_39' title="bbox 239 3013 2113 3119; baseline 0.005 -66"><span class='ocrx_word' id='word_1_324' title='bbox 239 3013 376 3055; x_wconf 87' lang='lat' dir='ltr'>Liber</span> <span class='ocrx_word' id='word_1_325' title='bbox 414 3026 662 3066; x_wconf 86' lang='lat' dir='ltr'>prosarum</span> <span class='ocrx_word' id='word_1_326' title='bbox 692 3022 740 3059; x_wconf 87' lang='lat' dir='ltr'>et</span> <span class='ocrx_word' id='word_1_327' title='bbox 779 3021 1128 3119; x_wconf 52' lang='lat' dir='ltr'>sequentiagum</span> <span class='ocrx_word' id='word_1_328' title='bbox 1174 3022 1300 3063; x_wconf 90' lang='lat' dir='ltr'>notis</span> <span class='ocrx_word' id='word_1_329' title='bbox 1342 3023 1538 3064; x_wconf 90' lang='lat' dir='ltr'>musicis</span> <span class='ocrx_word' id='word_1_330' title='bbox 1584 3022 1855 3073; x_wconf 89' lang='lat' dir='ltr'>instructus,</span> <span class='ocrx_word' id='word_1_331' title='bbox 1903 3023 2036 3063; x_wconf 90' lang='lat' dir='ltr'>initio</span> <span class='ocrx_word' id='word_1_332' title='bbox 2068 3027 2113 3063; x_wconf 93' lang='lat' dir='ltr'>et</span> 
     </span>
     <span class='ocr_line' id='line_1_40' title="bbox 1053 3091 1325 3122; baseline 0.008 -3"><span class='ocrx_word' id='word_1_333' title='bbox 1053 3091 1112 3120; x_wconf 91' lang='lat' dir='ltr'>ne</span> <span class='ocrx_word' id='word_1_334' title='bbox 1144 3091 1325 3122; x_wconf 88' lang='lat' dir='ltr'>carens.</span> 
     </span>
    </p>
   </div>
   <div class='ocr_carea' id='block_1_16' title="bbox 242 3130 2111 3239">
    <p class='ocr_par' dir='ltr' id='par_1_22' title="bbox 242 3130 2111 3239">
     <span class='ocr_line' id='line_1_41' title="bbox 382 3130 2111 3191; baseline 0.006 -22"><span class='ocrx_word' id='word_1_335' title='bbox 382 3130 690 3181; x_wconf 81' lang='lat' dir='ltr'>(F01.15—17</span> <span class='ocrx_word' id='word_1_336' title='bbox 713 3140 756 3174; x_wconf 92' lang='lat' dir='ltr'>et</span> <span class='ocrx_word' id='word_1_337' title='bbox 776 3135 832 3175; x_wconf 87' lang='grc'>28</span> <span class='ocrx_word' id='word_1_338' title='bbox 853 3140 1110 3189; x_wconf 88' lang='lat' dir='ltr'>scripturam</span> <span class='ocrx_word' id='word_1_339' title='bbox 1134 3141 1418 3179; x_wconf 90' lang='lat' dir='ltr'>recentiorem</span> <span class='ocrx_word' id='word_1_340' title='bbox 1443 3139 1691 3179; x_wconf 85' lang='lat' dir='ltr'>exhibentia</span> <span class='ocrx_word' id='word_1_341' title='bbox 1714 3142 1939 3191; x_wconf 85' lang='lat' dir='ltr'>posteriori</span> <span class='ocrx_word' id='word_1_342' title='bbox 1972 3143 2111 3179; x_wconf 82' lang='lat' dir='ltr'>aetate</span> 
     </span>
     <span class='ocr_line' id='line_1_42' title="bbox 242 3188 662 3239; baseline 0.007 -12"><span class='ocrx_word' id='word_1_343' title='bbox 242 3188 496 3238; x_wconf 85' lang='lat' dir='ltr'>inglutinata</span> <span class='ocrx_word' id='word_1_344' title='bbox 527 3193 662 3239; x_wconf 81' lang='lat' dir='ltr'>sunt.)</span> 
     </span>
    </p>
   </div>
   <div class='ocr_carea' id='block_1_17' title="bbox 378 3248 2105 3303">
    <p class='ocr_par' dir='ltr' id='par_1_23' title="bbox 378 3248 2105 3303">
     <span class='ocr_line' id='line_1_43' title="bbox 378 3248 2105 3303; baseline 0.005 -19"><span class='ocrx_word' id='word_1_345' title='bbox 378 3248 421 3284; x_wconf 91' lang='lat' dir='ltr'>ln</span> <span class='ocrx_word' id='word_1_346' title='bbox 453 3250 637 3296; x_wconf 89' lang='lat' dir='ltr'>operculo</span> <span class='ocrx_word' id='word_1_347' title='bbox 668 3261 794 3298; x_wconf 89' lang='lat' dir='ltr'>super.</span> <span class='ocrx_word' id='word_1_348' title='bbox 827 3258 1005 3291; x_wconf 88' lang='lat' dir='ltr'>notatur:</span> <span class='ocrx_word' id='word_1_349' title='bbox 1041 3255 1179 3292; x_wconf 86' lang='lat' dir='ltr'>»Liber</span> <span class='ocrx_word' id='word_1_350' title='bbox 1209 3257 1397 3293; x_wconf 86' lang='lat' dir='ltr'>ecclesiae</span> <span class='ocrx_word' id='word_1_351' title='bbox 1426 3258 1462 3294; x_wconf 89' lang='lat' dir='ltr'>b.</span> <span class='ocrx_word' id='word_1_352' title='bbox 1486 3257 1631 3293; x_wconf 83' lang='lat' dir='ltr'>Mariae</span> <span class='ocrx_word' id='word_1_353' title='bbox 1665 3256 1836 3303; x_wconf 86' lang='lat' dir='ltr'>Virginis</span> <span class='ocrx_word' id='word_1_354' title='bbox 1868 3258 1907 3293; x_wconf 90' lang='lat' dir='ltr'>in</span> <span class='ocrx_word' id='word_1_355' title='bbox 1939 3257 2105 3303; x_wconf 75' lang='lat' dir='ltr'>Topla«.</span> 
     </span>
    </p>
   </div>
   <div class='ocr_carea' id='block_1_18' title="bbox 1137 3405 1199 3436">
    <p class='ocr_par' dir='ltr' id='par_1_24' title="bbox 1137 3405 1199 3436">
     <span class='ocr_line' id='line_1_44' title="bbox 1137 3405 1199 3436; baseline -0.016 0"><span class='ocrx_word' id='word_1_356' title='bbox 1137 3405 1199 3436; x_wconf 75' lang='lat'>441</span> 
     </span>
    </p>
   </div>
  </div>
 </body>
</html>
