2476 3782
1126 307 1234 347 1323

251 447 372 493 1540,
403 449 631 485 Albubatris
663 448 955 495 Genethliacus,
988 448 1159 485 Norimb.
1201 447 1321 491 1540,
1344 447 1447 485 Hier.
1473 447 1642 484 Cardani
1665 448 1802 484 Libelli
1824 449 1916 491 duo,
1941 447 2112 485 Norimb.

248 506 356 544 1543
387 527 445 532 -—
476 507 543 553 qui
573 507 660 542 libri
692 517 797 543 nune
828 508 902 543 sub
935 507 1035 553 sign.
1068 503 1171 540 XIV.
1205 504 1245 541 F.
1285 505 1332 540 16
1366 506 1405 540 in
1430 506 1666 542 bibliotheca
1688 511 1819 542 nostra
1844 506 2115 551 asservantur)

242 565 410 611 primum
443 569 524 600 erat
554 565 758 601 cuiusdam
792 565 970 601 Andreae
1002 563 1180 599 schoner
1210 561 1563 609 Norimbergensis‚
1588 565 1636 600 ad
1659 574 1773 610 quem
1797 563 1914 599 etiam
1938 567 2116 610 spectant

243 626 361 658 notae
402 633 521 658 manu
563 624 729 669 scriptae
769 623 809 658 in
852 622 1002 668 aliquot
1042 621 1145 656 foliis
1177 620 1317 656 vacuis
1349 621 1448 657 inter
1479 632 1598 667 opera
1628 622 1854 658 Albubatris
1886 626 1923 657 et
1946 621 2116 657 Cardani

242 679 434 727 impressa
479 684 740 717 occurrentes.
788 679 936 716 Deinde
982 680 1107 716 codex
1153 678 1217 713 hic
1265 689 1344 714 una
1386 690 1474 715 cum
1508 679 1590 715 suis
1625 680 1805 725 adligatis
1838 679 2039 726 impressis
2072 679 2111 715 in

244 737 522 774 bibliothecam
562 737 777 784 Tychonis
808 737 962 774 Brahei
993 737 1178 783 pervenit,
1222 740 1265 771 ut
1295 738 1412 772 docet
1443 747 1737 783 monogramma
1772 737 1839 773 »T.
1870 737 1940 774 B.‹
1976 739 2015 773 in
2049 748 2112 773 co-

244 794 331 832 dice
361 799 418 833 ter
448 806 670 833 occurrens.
704 795 759 831 De
791 795 1072 842 posterioribus
1104 794 1290 830 librorum
1323 794 1411 830 fatis
1444 794 1497 830 nil
1530 799 1696 831 constat.

387 895 527 950 1320
1016 895 1125 945 VII.
1168 895 1215 944 F.
1254 895 1300 944 1.

247 977 393 1020 chart.
433 989 550 1020 saec.
581 977 744 1031 XVff.
775 978 873 1026 321,
904 978 1108 1029 22><15
1136 989 1219 1018 cm.
1252 978 1275 1018 I
1309 989 1368 1018 m.

303 1059 554 1101 Sermones
584 1059 703 1099 varii
736 1058 1023 1102 (»Collecture
1072 1070 1326 1099 sermonum
1360 1059 1413 1099 de
1446 1063 1639 1110 ternpore
1673 1062 1714 1097 et
1745 1058 1798 1097 de
1832 1060 2055 1106 sanctis«).

379 1130 424 1168 In
454 1131 579 1167 fronte
610 1131 634 1168 f.
671 1131 714 1166 3·
744 1131 981 1167 rubricatum
1015 1135 1094 1167 est:
1131 1130 1403 1167 ›Wenceslai
1434 1130 1484 1166 de
1515 1130 1608 1177 Tyn
1639 1129 1684 1165 in
1716 1129 1835 1175 Ripis
1858 1128 2115 1174 Multavie‹;

243 1190 313 1226 sed
343 1189 506 1226 fueritne
537 1189 600 1225 hic
631 1188 892 1224 Wenceslaus
926 1189 1111 1225 collector
1143 1199 1369 1225 sermonum
1392 1199 1442 1224 an
1463 1198 1650 1234 possesor
1670 1191 1821 1223 tantum
1843 1187 1943 1231 libri,
1977 1187 2115 1223 diiudi-

241 1257 330 1284 care
362 1257 443 1283 non
474 1248 615 1284 audeo.
647 1246 695 1284 A.
734 1247 840 1282 1609
874 1248 1001 1283 codex
1033 1251 1114 1283 erat
1145 1247 1238 1283 bibl.
1271 1246 1597 1292 Rosenbergicae‚
1630 1256 1678 1281 ex
1709 1257 1800 1292 qua,
1823 1250 1866 1281 ut
1887 1246 2002 1281 docet
2023 1249 2117 1281 nota

242 1305 282 1342 in
313 1305 338 1343 f.
377 1299 462 1350 12b,
499 1306 726 1340 »restitutus
758 1309 841 1340 est«
878 1307 1117 1341 monasterio
1149 1303 1430 1342 Borovanensi.

383 1405 514 1458 1321
1030 1404 1138 1455 VII.
1175 1405 1228 1454 F.
1265 1405 1312 1454 2.

240 1499 385 1540 chart.
414 1510 530 1540 saec.
562 1497 654 1539 XV
681 1499 853 1552 (parles
883 1511 922 1539 α.
957 1498 1073 1539 1438
1103 1501 1142 1538 et
1172 1498 1315 1551 1451),
1346 1498 1397 1552 ff.
1418 1498 1518 1548 394,
1548 1499 1675 1550 22><
1694 1499 1797 1539 155
1823 1509 1906 1538 cm.
1934 1497 1975 1537 d.
1998 1510 2056 1538 m.

378 1580 406 1621 f.
444 1578 625 1622 12—7412
656 1580 840 1621 Nicolai
872 1580 927 1620 de
958 1579 1296 1631 Dinkelspiihel
1327 1580 1580 1621 Sermones
1612 1578 2037 1631 quadragesimales
2061 1579 2116 1619 de

239 1638 543 1691 poenitentia.
589 1638 729 1679 »Ecce
772 1650 889 1678 nunc
932 1642 1106 1690 tempus
1138 1639 1428 1690 acceptabile«
1465 1638 1509 1675 ><
1547 1640 1641 1677 »ius
1673 1639 1881 1685 naturale,
1914 1638 2117 1677 ecclesia-

242 1699 401 1737 sticum
433 1700 478 1737 et
508 1697 740 1737 divinum«
1694 1732 1696 1734 ,

378 1754 408 1794 f.
441 1752 687 1795 742’--218b
719 1754 930 1806 (anepigr.)
971 1753 1194 1794 Eiusdem
1238 1754 1488 1794 Sermones
1531 1754 1587 1793 de
1618 1752 1878 1804 praeceptis
1927 1752 2114 1793 domini.

245 1811 480 1854 »scribitur
508 1811 644 1853 Math.
666 1812 734 1860 22,
768 1812 886 1863 quod
919 1812 1095 1863 quidam
1128 1813 1235 1863 legis
1268 1812 1445 1852 doctor«
1481 1813 1524 1849 ><
1561 1814 1750 1863 »premio
1792 1812 1924 1862 glorie
1958 1813 2114 1863 sempi-

242 1874 362 1911 terne
387 1902 397 1911 .
424 1900 433 1909 .
460 1901 470 1910 .
498 1902 506 1910 .
537 1869 723 1922 Explicit
752 1871 838 1909 hoc
869 1873 1022 1917 totum,
1056 1881 1133 1909 ora
1165 1881 1242 1921 pro
1275 1873 1483 1921 scriptore
1525 1869 1714 1909 Thoma.
1746 1868 1801 1908 Et
1832 1872 1894 1908 sic
1927 1873 1994 1908 est
2016 1869 2114 1909 finis

241 1928 372 1968 huius
405 1930 550 1980 operis
582 1940 619 1967 a.
655 1928 695 1968 d.
732 1927 842 1968 1438
874 1930 916 1967 in
950 1927 1018 1966 die
1051 1939 1086 1967 s,
1120 1926 1329 1967 Othmari.
1364 1927 1494 1967 Leich
1528 1930 1607 1966 mir
1638 1926 1806 1966 sseschil
1838 1928 1954 1967 hen«

379 1985 408 2027 f.
439 1985 708 2026 2192—34312
740 1984 947 2037 (anepigr.)
993 1985 1213 2025 Eiusdem
1252 1988 1483 2026 tractatus
1515 1986 1570 2025 de
1601 1984 1729 2025 vitiis
1772 1988 1818 2025 et
1846 1984 2113 2025 virtutibus.

246 2042 416 2084 »Homo
449 2044 625 2096 quidam
668 2043 768 2083 fecit
808 2055 962 2083 cenam
995 2055 1224 2094 magnam«
1263 2045 1306 2082 ><
1342 2055 1521 2095 »preces
1554 2043 1734 2083 fundere
1766 2044 2013 2094 neglexerit.
2062 2043 2116 2082 Et

242 2104 306 2142 sic
337 2105 406 2141 est
434 2101 575 2142 finis«

379 2158 407 2199 f.
439 2157 713 2199 343b-394b
729 2158 951 2199 Eiusdem
967 2162 1195 2199 tractatus
1228 2159 1283 2199 de
1315 2162 1420 2199 octo
1452 2158 1828 2199 beatitudinibus.
1865 2159 1936 2200 »In
1958 2170 2110 2209 evang.

243 2217 361 2270 quod
391 2218 543 2269 legitur
571 2220 614 2257 in
645 2217 758 2257 festo
790 2220 984 2256 omnium
1008 2221 1286 2256 sanctorum«
1312 2218 1354 2255 ><
1381 2217 1462 2256 ›ad
1485 2217 1795 2257 beatitudinem
1817 2220 2010 2257 eternam
2036 2249 2044 2257 .
2070 2250 2076 2256 .
2102 2249 2109 2256 .

241 2274 297 2316 Et
327 2277 390 2316 sie
421 2278 490 2315 est
521 2275 619 2315 finis
650 2287 688 2315 a.
723 2275 763 2315 d.
799 2274 906 2315 1451
940 2278 983 2315 in
1016 2275 1208 2326 profesto
1241 2273 1422 2326 Otylie.«

382 2334 575 2382 Operculo
607 2345 734 2382 super.
769 2335 982 2381 adligatum
1014 2340 1073 2371 est
1103 2335 1360 2381 fragmentum
1392 2335 1516 2374 chart.
1540 2337 1627 2372 cod.
1651 2345 1755 2372 saec.
1779 2334 1865 2381 XV,
1890 2345 1967 2381 quo
1991 2336 2114 2371 conti-

242 2393 435 2429 nebantur
463 2403 664 2429 sermones
686 2393 797 2429 latini
820 2395 1039 2439 germanice
1060 2393 1304 2440 interpolati3
1328 2393 1512 2440 operculo
1534 2392 1644 2429 infer.
1669 2392 1928 2439 fragmentum
1952 2394 2109 2429 membr.

243 2450 393 2488 codicis
424 2450 591 2497 liturgici
623 2461 725 2488 saec.
758 2449 840 2488 XII.

382 2527 518 2581 1322
1047 2528 1151 2578 VII.
1189 2529 1242 2578 F.
1279 2528 1326 2578 3.

249 2621 392 2662 chart.
422 2633 539 2662 saec.
569 2620 661 2662 XV
681 2621 732 2676 ff.
765 2622 854 2663 185
881 2622 1013 2674 (recte
1042 2622 1159 2671 186),
1190 2623 1242 2663 21
1269 2622 1384 2662 ><15
1412 2634 1494 2662 cm.
1528 2621 1570 2662 d.
1599 2634 1658 2662 m.

381 2702 408 2742 f.
446 2700 599 2743 1²²—2b
629 2703 764 2744 Index
796 2706 1274 2744 excommunicatorum
1308 2706 1459 2755 partim
1491 2705 1781 2754 germanicus,

382 2761 408 2801 f.
441 2759 656 2800 32—1211’
688 2762 896 2813 (anepigr.)
942 2761 1323 2813 Martyrologium
1371 2772 1525 2801 carens
1567 2761 1653 2801 fine
1695 2763 1875 2812 (magna
1905 2771 1960 2800 ex
1993 2765 2111 2812 parte

242 2817 404 2859 Jacobi
435 2817 491 2858 de
521 2817 754 2870 Voragine
786 2819 1000 2871 Legenda
1029 2820 1201 2871 aurea.)

382 2875 408 2916 f.
447 2874 716 2917 122⁸—182b
747 2876 997 2918 Sermones
1033 2877 1218 2918 diversi.

381 2933 410 2974 f.
448 2931 712 2974 1832—185b
743 2934 887 2975 Dubia
917 2936 1135 2987 quaedam
1168 2938 1282 2975 cirea
1314 2937 1510 2975 missam.

382 2992 585 3040 Operculis
618 2994 789 3041 adligata
819 3000 911 3032 sunt
942 2995 1156 3041 fragmenta
1187 2996 1345 3031 membr.
1380 2995 1530 3031 codicis
1562 2994 1772 3040 theologici
1805 3003 1909 3031 saec.
1944 2993 2048 3032 XIV.

386 3092 521 3146 1323
1044 3095 1155 3145 VII.
1193 3094 1247 3144 F.
1284 3095 1328 3144 4.

244 3176 388 3216 chart.
426 3187 470 3215 α.
501 3174 615 3216 1443
636 3175 690 3229 ff.
721 3177 819 3225 137,
851 3177 904 3217 21
925 3178 1044 3218 ><15
1071 3189 1154 3217 cm.
1188 3178 1210 3217 1
1245 3188 1304 3216 m.

248 3244 383 3285 Alani
416 3245 471 3285 ab
504 3244 675 3285 Insulis
715 3245 916 3286 Carmen
956 3247 1012 3287 de
1056 3248 1246 3297 planctu
1290 3249 1484 3285 naturae
1526 3256 1631 3285 cum
1673 3245 2008 3286 commentario
2061 3245 2107 3285 in

716 3303 922 3354 margine
952 3308 999 3344 et
1028 3304 1202 3355 glossis
1234 3302 1623 3343 interlinearibus.

1142 3452 1208 3484 507
