2476 3782
1295 362 1378 403 832

550 501 575 541 f.
608 498 878 542 216ῧ---217ΙΙ
908 501 1033 552 (quod
1065 507 1122 539 est
1154 503 1337 550 operculo
1370 502 1673 548 adglutinatum)
1715 499 1908 539 Antonii
1963 499 2018 540 de
2071 498 2269 539 Lernaeo

404 558 614 610 Epistola
658 558 716 599 ad
759 557 1089 599 Wenceslaum
1133 556 1195 598 1v
1234 568 1388 609 regem
1430 557 1532 597 data
1576 556 1776 597 Veronae
1822 557 1889 596 die
1936 556 2074 597 XXIV
2104 558 2270 597 mensis

406 616 619 657 Octobris.
652 616 867 665 (Eandem
900 627 922 655 e
945 616 1041 656 cod.
1073 614 1111 655 T
1114 612 1343 656 rebonensi
1376 615 1487 655 edid.
1522 613 1723 666 Palacky,
1757 613 2092 654 Formelbiicher
2112 614 2156 658 ΙΙ.
2179 613 2269 662 34.)

551 699 674 734 Vetus
706 700 805 744 sign.
840 698 885 740 G,
921 699 956 736 2.

546 822 653 876 832
1044 822 1098 872 V.
1138 822 1195 870 B.
1239 821 1319 871 15.
1360 832 1418 874 (Y.
1445 833 1492 866 II.
1519 834 1549 866 1.
1575 843 1608 866 n.
1635 831 1705 874 41.)

409 917 551 956 chart.
585 927 663 956 cca
696 927 738 955 a.
770 915 885 956 1442
899 915 961 969 ff
991 915 1078 956 268
1107 927 1244 963 num„
1275 915 1436 955 28·5><
1461 914 1513 955 21
1550 926 1632 955 cm.
1667 915 1707 954 d.
1729 926 1804 961 m„
1838 925 1938 954 cnm
1969 913 2063 954 init.
2088 913 2192 966 pict.

550 1008 576 1047 f.
616 1007 798 1048 1ίῑ-75εἰ
842 1006 1074 1048 Johannis
1121 1007 1176 1047 de
1220 1006 1352 1055 Misa,
1395 1006 1511 1057 pleb.
1553 1007 1609 1047 ad
1650 1019 1687 1047 s.
1720 1006 1902 1047 Gallum
1947 1005 2133 1058 Pragae,
2160 1005 2287 1062 ,Tra-,¹

406 1070 559 1107 ctatus
592 1066 647 1106 de
679 1068 843 1106 ornato
875 1066 1014 1106 modo
1045 1064 1283 1105 moriendi.
1349 1063 1528 1105 »Vener.
1569 1068 1660 1104 viro
1696 1064 1912 1105 Hemoldo
1944 1063 2267 1106 Glendenstede

406 1125 459 1164 de
493 1124 740 1164 Zoltwedil«
778 1124 820 1160 ><
855 1123 931 1162 »A.
974 1123 1013 1163 d.
1059 1122 1169 1162 1442
1214 1122 1362 1162 finitus
1403 1123 1471 1162 hic
1514 1126 1719 1162 tractatus
1746 1156 1755 1164 .
1783 1155 1790 1162 .
1818 1152 1827 1162 .
1855 1125 1922 1161 est
1953 1121 2016 1162 ΙΙΙ.
2060 1121 2133 1162 fer.
2167 1126 2267 1163 ante

406 1183 565 1222 festum
599 1193 633 1222 s.
668 1181 777 1221 Petri
808 1182 863 1220 ad
895 1181 1104 1220 vincula«
1147 1180 1191 1220 F.
1225 1179 1395 1219 76-79
1425 1191 1577 1220 vacua.

549 1263 575 1303 f.
608 1261 853 1303 Soa—1072
885 1261 928 1303 S.
959 1260 1188 1312 Ephraem
1228 1257 1334 1312 Syri
1382 1261 1612 1302 Homiliae
1643 1264 1834 1312 septem.
1871 1259 2042 1300 »Gloria
2072 1262 2267 1312 omnipo-

406 1323 508 1360 tenti
551 1321 659 1360 deo«
695 1321 738 1358 ><
773 1319 1044 1371 »Expliciunt
1089 1319 1241 1358 omelie
1288 1318 1452 1358 Effrem
1495 1319 1677 1368 abbatis,
1730 1330 1813 1370 que
1857 1322 1959 1358 sunt
1998 1321 2039 1357 in
2086 1329 2268 1358 numero

407 1382 588 1430 septem,
621 1378 738 1418 finite
770 1381 811 1416 in
845 1377 911 1416 die
944 1388 1004 1417 ss
1039 1375 1244 1416 Gordiani
1277 1380 1318 1416 et
1349 1376 1613 1428 Epimachi.«

550 1458 577 1498 f.
616 1458 885 1497 107a—167a
916 1457 1127 1509 Hugonis
1169 1459 1224 1498 de
1264 1458 1308 1498 S.
1340 1457 1529 1499 Victore
1571 1460 1670 1506 (seu
1713 1461 1857 1509 potius
1889 1458 1944 1498 de
1974 1455 2170 1509 Folieto)
2200 1457 2268 1500 De

407 1516 610 1557 claustro
643 1516 825 1556 animae
864 1515 969 1556 libri
1008 1515 1081 1555 IV.
1127 1515 1329 1567 »Rogasti
1370 1527 1467 1565 nos,
1509 1516 1638 1555 frater
1679 1518 2002 1556 amantissime«
2038 1515 2082 1551 ><
2117 1516 2264 1568 »ExpL

406 1575 521 1617 liber,
556 1577 627 1626 qui
659 1574 892 1614 intitulatur
923 1573 1171 1614 Claustrum
1204 1576 1345 1613 anime
1378 1573 1492 1625 Mag.
1525 1573 1577 1614 H.
1611 1574 1665 1613 de
1697 1572 1740 1614 S.
1775 1572 1823 1612 V.
1852 1605 1860 1613 .
1888 1604 1896 1612 .
1925 1606 1934 1614 .
1974 1578 2161 1626 scriptus
2193 1586 2268 1626 per

406 1643 475 1671 me
507 1632 554 1671 fr.
586 1631 861 1672 Michaelem
891 1631 1076 1683 Reyche
1109 1631 1229 1671 sabb.
1265 1635 1363 1671 ante
1396 1632 1657 1671 dominicam
1689 1631 1878 1671 Letare.«

550 1711 575 1751 f.
625 1709 893 1752 1682—2211‘
939 1714 1159 1760 (inscriptio
1210 1715 1329 1750 falsa:
1386 1714 1632 1750 ›Claustrum
1690 1715 1863 1761 anime«)
1920 1712 2160 1754 Tractatus
2210 1713 2265 1754 de

407 1771 544 1810 domo
590 1769 801 1810 interiori
843 1769 1080 1810 fundanda
1125 1769 1338 1821 (Davidis
1380 1771 1435 1810 de
1465 1769 1736 1822 Augusta?).
1789 1769 1999 1810 »Domine
2033 1771 2161 1811 dilexi
2192 1771 2265 1811 de·

405 1838 550 1867 eorem
583 1828 743 1867 domus
775 1831 870 1867 tue«
909 1829 950 1865 ><
986 1839 1066 1867 »ex
1097 1828 1181 1868 hoc
1212 1839 1329 1867 nunc
1361 1831 1403 1868 et
1433 1839 1574 1880 usque
1604 1830 1647 1867 in
1679 1828 1914 1867 seculum«

548 1907 575 1947 f.
609 1905 878 1948 22112—227a
919 1907 1035 1959 Mag.
1066 1907 1254 1948 Henrici
1285 1909 1340 1948 de
1372 1907 1543 1948 Hassia
1573 1907 1821 1959 Speculum
1851 1908 2046 1949 animae.
2081 1909 2267 1949 »Anima

405 1977 515 2015 mea,
547 1969 647 2005 novi
689 1966 805 2017 quod
852 1969 1023 2005 curiosa
1054 1968 1141 2005 sis«
1177 1967 1219 2004 ><
1257 1966 1402 2017 »Expl
1438 1977 1553 2017 spec.
1596 1969 1737 2006 anime
1768 1965 1826 2006 M.
1859 1966 1911 2006 H.
1945 1966 1999 2006 de
2030 1966 2082 2007 H.
2115 1969 2158 2006 in
2196 1967 2266 2007 die

405 2024 698 2063 dedicacionis
730 2023 1060 2075 Zyttaviensis.«
1112 2023 1314 2076 Sequitur
1343 2026 1571 2075 registrum
1603 2027 1810 2064 tractatus
1841 2028 1883 2063 in
1914 2024 1941 2063 s.
1980 2022 2264 2064 1682—22112.

549 2103 576 2142 f.
610 2103 879 2143 2282—268·
910 2103 1118 2143 Caesarii
1147 2103 1552 2144 Heisterbacensis
1585 2103 1766 2155 Dialogi
1796 2105 1851 2145 de
1883 2104 2136 2155 miraculis,
2157 2103 2266 2145 visi-

405 2161 574 2201 onibus
607 2164 652 2200 et
692 2161 920 2215 exemplis
966 2172 1079 2201 suae
1121 2161 1301 2202 aetatis.
1353 2162 1527 2212 »Incipit
1571 2161 1784 2213 dyalogus
1830 2161 1993 2214 Cesarij
2041 2166 2084 2202 et
2128 2165 2265 2214 primo

406 2221 570 2270 primus
601 2219 706 2257 liber
736 2219 789 2258 de
821 2221 1084 2259 contricione
1130 2231 1206 2270 per
1249 2222 1368 2259 varia
1408 2220 1625 2259 miracula.
1661 2219 1882 2271 Prologus.
1925 2219 2118 2271 Cupiens
2149 2221 2266 2272 loqui

406 2276 459 2315 de
492 2279 802 2316 conversione«
840 2278 881 2314 ><
918 2276 997 2316 »ad
1029 2288 1160 2328 quam
1192 2279 1407 2317 visionem
1440 2279 1779 2329 societatemque
1811 2280 2004 2317 omnium
2028 2279 2264 2318 electorum

405 2345 488 2373 nos
521 2334 755 2385 perducere
802 2334 998 2386 dignetur
1038 2334 1072 2373 J.
1117 2333 1229 2383 Chr.‚
1263 2338 1359 2386 qui«
1405 2338 1483 2374 etc.
1526 2334 1734 2384 (Titulum
1777 2338 1919 2386 operis
1952 2347 1975 2374 e
2007 2335 2265 2376 bibliotheca

407 2391 585 2431 Fabricii
616 2392 877 2441 hausimus.)

550 2473 752 2520 Operculis
785 2475 954 2521 adligata
985 2480 1077 2512 sunt
1107 2475 1320 2521 fragmenta
1352 2476 1510 2512 membr.
1543 2477 1708 2512 duorum
1740 2475 1917 2511 instrum.
1941 2477 2047 2522 publ.
2072 2477 2265 2523 germani-

407 2542 541 2568 corum
582 2532 664 2577 (alt.
699 2544 732 2569 a.
771 2531 897 2583 1435)
939 2545 962 2570 a
1002 2537 1198 2569 conventu
1239 2538 1406 2569 monast.
1440 2532 1680 2579 Oybinensis
1712 2533 1914 2571 editorum.
1948 2533 1990 2569 In
2023 2535 2098 2570 hoc
2129 2544 2265 2571 mona-

407 2590 523 2625 sterio
555 2589 671 2625 etiam
703 2592 827 2626 codex
858 2591 941 2638 ipse
973 2594 1154 2627 exaratus
1186 2600 1272 2626 esse
1304 2591 1466 2628 videtur.

543 2723 654 2777 833
1044 2726 1098 2775 V.
1137 2727 1194 2775 B.
1231 2726 1313 2774 15.
1352 2736 1412 2779 (Y.
1438 2736 1482 2770 Il.
1507 2737 1540 2769 2.
1565 2747 1599 2770 n.
1616 2737 1687 2780 42.)

405 2817 547 2859 chart.
577 2829 694 2858 saec.
725 2817 985 2858 XIV—XV
994 2818 1055 2872 ff
1086 2819 1172 2860 209
1201 2831 1339 2868 num„
1367 2818 1420 2859 31
1442 2818 1558 2858 ><22
1588 2829 1670 2858 cm.
1703 2819 1745 2859 d.
1777 2831 1835 2859 m.

403 2896 617 2948 Origenis
648 2898 876 2939 Homiliae
908 2910 1049 2950 super
1077 2900 1221 2940 libros
1251 2899 1410 2949 Josue,
1441 2899 1671 2948 Judicum,
1712 2899 1862 2940 Isaiae
1892 2901 2157 2952 prophetae,
2188 2902 2262 2943 Je-

403 2955 575 2995 remiae
605 2956 870 3006 prophetae,
915 2956 1170 2998 Ezechielis
1199 2957 1464 3008 prophetae,
1497 2956 1688 2996 Cantica
1719 2958 2008 2999 canticorum
2038 2959 2262 3011 interpre-

969 3015 1093 3055 tibus
1125 3014 1292 3055 Rufino
1323 3018 1370 3055 et
1399 3014 1697 3065 Hieronymo.

577 3095 779 3142 Operculis
811 3097 982 3143 adligata
1012 3102 1103 3134 sunt
1133 3098 1347 3144 fragmenta
1377 3098 1534 3134 membr.
1568 3097 1813 3134 instrumenti
1845 3101 1966 3145 publ,
1999 3112 2075 3148 quo
2107 3105 2261 3138 contro-

403 3154 528 3188 versia
574 3154 621 3188 de
662 3154 828 3190 ecclesia
858 3155 895 3190 in
929 3154 1124 3191 Altovado
1164 3158 1263 3192 inter
1292 3155 1494 3191 Matthiam
1525 3156 1572 3190 de
1604 3154 1827 3202 Crumplow
1858 3161 1893 3192 et
1915 3157 2076 3194 Paulum
2106 3158 2262 3196 Henrici

404 3212 452 3245 de
491 3208 675 3246 Budweis
717 3212 963 3257 presbyteros
1005 3214 1197 3249 sententia
1238 3214 1339 3249 doct.
1373 3212 1560 3249 Bohuslai
1593 3213 1731 3248 decani
1762 3215 1899 3252 eccles.
1937 3214 2139 3262 Pragensis
2170 3217 2258 3252 diri-

405 3268 531 3302 mitur.
573 3267 616 3303 In
658 3278 783 3315 super.
815 3269 1027 3315 fragmento
1059 3271 1155 3307 haec
1186 3274 1279 3306 nota
1310 3274 1389 3306 est:
1437 3269 1608 3305 »Omelie
1641 3270 1817 3316 Origenis
1850 3282 1964 3318 super
1994 3273 2154 3309 Ysaiam
2182 3278 2259 3312 etc.

408 3324 460 3361 80
492 3335 545 3370 gr.
579 3330 747 3362 correcte
761 3326 856 3373 (?).<‹
890 3326 1013 3363 Vetus
1045 3330 1143 3374 sign.
1176 3327 1219 3374 E,
1259 3328 1296 3364 6.

1278 3483 1281 3487 ’
1300 3472 1368 3505 340
