<?xml version="1.0" encoding="UTF-8"?>
<!DOCTYPE html PUBLIC "-//W3C//DTD XHTML 1.0 Transitional//EN"
    "http://www.w3.org/TR/xhtml1/DTD/xhtml1-transitional.dtd">
<html xmlns="http://www.w3.org/1999/xhtml" xml:lang="en" lang="en">
 <head>
  <title>
</title>
<meta http-equiv="Content-Type" content="text/html;charset=utf-8" />
  <meta name='ocr-system' content='tesseract 3.04.00' />
  <meta name='ocr-capabilities' content='ocr_page ocr_carea ocr_par ocr_line ocrx_word'/>
</head>
<body>
  <div class='ocr_page' id='page_1' title='image "./cataloguscodicum01praguoft_0163.png"; bbox 0 0 2476 3782; ppageno 0'>
   <div class='ocr_carea' id='block_1_1' title="bbox 1118 288 1196 328">
    <p class='ocr_par' dir='ltr' id='par_1_1' title="bbox 1118 288 1196 328">
     <span class='ocr_line' id='line_1_1' title="bbox 1118 288 1196 328; baseline 0.013 -1"><span class='ocrx_word' id='word_1_1' title='bbox 1118 288 1196 328; x_wconf 87' lang='grc'>321</span> 
     </span>
    </p>
   </div>
   <div class='ocr_carea' id='block_1_2' title="bbox 223 426 2102 595">
    <p class='ocr_par' dir='ltr' id='par_1_2' title="bbox 223 426 2102 595">
     <span class='ocr_line' id='line_1_2' title="bbox 223 426 2102 477; baseline 0.001 -9"><span class='ocrx_word' id='word_1_2' title='bbox 223 431 266 468; x_wconf 89' lang='lat' dir='ltr'>et</span> <span class='ocrx_word' id='word_1_3' title='bbox 295 439 413 468; x_wconf 88' lang='lat' dir='ltr'>unus</span> <span class='ocrx_word' id='word_1_4' title='bbox 449 428 560 468; x_wconf 88' lang='lat' dir='ltr'>deus</span> <span class='ocrx_word' id='word_1_5' title='bbox 594 431 635 468; x_wconf 89' lang='lat' dir='ltr'>in</span> <span class='ocrx_word' id='word_1_6' title='bbox 667 432 864 467; x_wconf 88' lang='lat' dir='ltr'>eternum</span> <span class='ocrx_word' id='word_1_7' title='bbox 897 426 1168 466; x_wconf 88' lang='lat' dir='ltr'>benedictus.</span> <span class='ocrx_word' id='word_1_8' title='bbox 1200 426 1354 465; x_wconf 86' lang='lat' dir='ltr'>Amen.</span> <span class='ocrx_word' id='word_1_9' title='bbox 1389 426 1574 477; x_wconf 83' lang='lat' dir='ltr'>Explicit</span> <span class='ocrx_word' id='word_1_10' title='bbox 1596 427 1701 465; x_wconf 90' lang='lat' dir='ltr'>liber</span> <span class='ocrx_word' id='word_1_11' title='bbox 1732 426 1771 466; x_wconf 92' lang='lat' dir='ltr'>d.</span> <span class='ocrx_word' id='word_1_12' title='bbox 1807 438 1842 466; x_wconf 89' lang='lat' dir='ltr'>s.</span> <span class='ocrx_word' id='word_1_13' title='bbox 1876 430 1901 466; x_wconf 84' lang='lat' dir='ltr'>i.</span> <span class='ocrx_word' id='word_1_14' title='bbox 1936 440 1971 467; x_wconf 90' lang='lat' dir='ltr'>e.</span> <span class='ocrx_word' id='word_1_15' title='bbox 2006 430 2102 469; x_wconf 86' lang='lat' dir='ltr'>fini-</span> 
     </span>
     <span class='ocr_line' id='line_1_3' title="bbox 223 484 2102 538; baseline 0.001 -12"><span class='ocrx_word' id='word_1_16' title='bbox 223 489 294 526; x_wconf 87' lang='lat' dir='ltr'>tus</span> <span class='ocrx_word' id='word_1_17' title='bbox 325 485 400 528; x_wconf 87' lang='lat' dir='ltr'>fer.</span> <span class='ocrx_word' id='word_1_18' title='bbox 433 488 599 538; x_wconf 89' lang='lat' dir='ltr'>quinta.</span> <span class='ocrx_word' id='word_1_19' title='bbox 633 485 759 525; x_wconf 94' lang='lat' dir='ltr'>Liber</span> <span class='ocrx_word' id='word_1_20' title='bbox 788 484 909 524; x_wconf 92' lang='lat' dir='ltr'>Bone</span> <span class='ocrx_word' id='word_1_21' title='bbox 940 487 1138 532; x_wconf 86' lang='lat' dir='ltr'>venture,</span> <span class='ocrx_word' id='word_1_22' title='bbox 1183 484 1252 523; x_wconf 91' lang='lat' dir='ltr'>alii</span> <span class='ocrx_word' id='word_1_23' title='bbox 1286 484 1446 529; x_wconf 89' lang='lat' dir='ltr'>dicunt,</span> <span class='ocrx_word' id='word_1_24' title='bbox 1481 484 1600 535; x_wconf 92' lang='lat' dir='ltr'>quod</span> <span class='ocrx_word' id='word_1_25' title='bbox 1634 487 1689 523; x_wconf 88' lang='lat' dir='ltr'>sit</span> <span class='ocrx_word' id='word_1_26' title='bbox 1721 485 1964 537; x_wconf 87' lang='lat' dir='ltr'>solempnis</span> <span class='ocrx_word' id='word_1_27' title='bbox 1998 487 2102 527; x_wconf 93' lang='lat' dir='ltr'>doc-</span> 
     </span>
     <span class='ocr_line' id='line_1_4' title="bbox 224 541 1595 595; baseline -0.001 -12"><span class='ocrx_word' id='word_1_28' title='bbox 224 546 328 583; x_wconf 86' lang='lat' dir='ltr'>toris</span> <span class='ocrx_word' id='word_1_29' title='bbox 362 543 416 583; x_wconf 92' lang='lat' dir='ltr'>de</span> <span class='ocrx_word' id='word_1_30' title='bbox 449 543 711 595; x_wconf 90' lang='lat' dir='ltr'>Erphordya</span> <span class='ocrx_word' id='word_1_31' title='bbox 742 546 1036 594; x_wconf 84' lang='lat' dir='ltr'>cognomento</span> <span class='ocrx_word' id='word_1_32' title='bbox 1069 542 1122 581; x_wconf 91' lang='lat' dir='ltr'>de</span> <span class='ocrx_word' id='word_1_33' title='bbox 1155 541 1417 581; x_wconf 87' lang='lat' dir='ltr'>Infirmaria‹</span> <span class='ocrx_word' id='word_1_34' title='bbox 1453 542 1595 591; x_wconf 84' lang='lat' dir='ltr'>(sicl).</span> 
     </span>
    </p>
   </div>
   <div class='ocr_carea' id='block_1_3' title="bbox 223 610 2104 782">
    <p class='ocr_par' dir='ltr' id='par_1_3' title="bbox 223 610 2104 782">
     <span class='ocr_line' id='line_1_5' title="bbox 369 610 2104 669; baseline 0.001 -16"><span class='ocrx_word' id='word_1_35' title='bbox 369 613 398 654; x_wconf 87' lang='lat' dir='ltr'>f.</span> <span class='ocrx_word' id='word_1_36' title='bbox 431 610 678 669; x_wconf 74' lang='lat' dir='ltr'>94b-—108b</span> <span class='ocrx_word' id='word_1_37' title='bbox 708 612 768 654; x_wconf 88' lang='lat' dir='ltr'>M.</span> <span class='ocrx_word' id='word_1_38' title='bbox 799 611 991 652; x_wconf 90' lang='lat' dir='ltr'>Henrici</span> <span class='ocrx_word' id='word_1_39' title='bbox 1033 611 1090 652; x_wconf 88' lang='lat' dir='ltr'>de</span> <span class='ocrx_word' id='word_1_40' title='bbox 1129 610 1303 651; x_wconf 88' lang='lat' dir='ltr'>Hassia</span> <span class='ocrx_word' id='word_1_41' title='bbox 1332 610 1576 651; x_wconf 90' lang='lat' dir='ltr'>Tractatus</span> <span class='ocrx_word' id='word_1_42' title='bbox 1609 611 1664 651; x_wconf 90' lang='lat' dir='ltr'>de</span> <span class='ocrx_word' id='word_1_43' title='bbox 1696 612 1979 654; x_wconf 84' lang='lat' dir='ltr'><strong>discretione</strong></span> <span class='ocrx_word' id='word_1_44' title='bbox 2010 614 2104 666; x_wconf 89' lang='lat' dir='ltr'>spi-</span> 
     </span>
     <span class='ocr_line' id='line_1_6' title="bbox 223 669 2099 723; baseline 0 -11"><span class='ocrx_word' id='word_1_45' title='bbox 223 670 411 711; x_wconf 77' lang='lat' dir='ltr'><strong>rituum.</strong></span> <span class='ocrx_word' id='word_1_46' title='bbox 455 670 604 712; x_wconf 86' lang='lat' dir='ltr'>»Sicut</span> <span class='ocrx_word' id='word_1_47' title='bbox 643 673 686 711; x_wconf 89' lang='lat' dir='ltr'>in</span> <span class='ocrx_word' id='word_1_48' title='bbox 729 669 1008 722; x_wconf 80' lang='lat' dir='ltr'>philosophia</span> <span class='ocrx_word' id='word_1_49' title='bbox 1048 672 1195 709; x_wconf 90' lang='lat' dir='ltr'>motus</span> <span class='ocrx_word' id='word_1_50' title='bbox 1227 672 1270 709; x_wconf 91' lang='lat' dir='ltr'>et</span> <span class='ocrx_word' id='word_1_51' title='bbox 1300 671 1611 720; x_wconf 83' lang='lat' dir='ltr'>operaciones«</span> <span class='ocrx_word' id='word_1_52' title='bbox 1649 671 1693 708; x_wconf 93' lang='grc'>&gt;&lt;</span> <span class='ocrx_word' id='word_1_53' title='bbox 1727 672 2099 723; x_wconf 76' lang='lat' dir='ltr'>»impossibilitatis</span> 
     </span>
     <span class='ocr_line' id='line_1_7' title="bbox 225 728 755 782; baseline 0 -14"><span class='ocrx_word' id='word_1_54' title='bbox 225 728 348 770; x_wconf 85' lang='lat' dir='ltr'>freno</span> <span class='ocrx_word' id='word_1_55' title='bbox 380 740 514 782; x_wconf 93' lang='lat' dir='ltr'>posse</span> <span class='ocrx_word' id='word_1_56' title='bbox 547 731 755 768; x_wconf 66' lang='lat' dir='ltr'>retineri«</span> 
     </span>
    </p>
   </div>
   <div class='ocr_carea' id='block_1_4' title="bbox 225 797 2102 906">
    <p class='ocr_par' dir='ltr' id='par_1_4' title="bbox 225 797 2102 906">
     <span class='ocr_line' id='line_1_8' title="bbox 364 797 2102 848; baseline 0.001 -11"><span class='ocrx_word' id='word_1_57' title='bbox 364 799 561 848; x_wconf 89' lang='lat' dir='ltr'>Operculo</span> <span class='ocrx_word' id='word_1_58' title='bbox 593 809 719 846; x_wconf 90' lang='lat' dir='ltr'>super.</span> <span class='ocrx_word' id='word_1_59' title='bbox 754 799 968 844; x_wconf 86' lang='lat' dir='ltr'>adligatum</span> <span class='ocrx_word' id='word_1_60' title='bbox 1001 802 1061 834; x_wconf 90' lang='lat' dir='ltr'>est</span> <span class='ocrx_word' id='word_1_61' title='bbox 1091 797 1269 834; x_wconf 88' lang='lat' dir='ltr'>bisolium</span> <span class='ocrx_word' id='word_1_62' title='bbox 1302 798 1519 834; x_wconf 87' lang='lat' dir='ltr'><strong>membran.</strong></span> <span class='ocrx_word' id='word_1_63' title='bbox 1553 799 1702 835; x_wconf 91' lang='lat' dir='ltr'>codicis</span> <span class='ocrx_word' id='word_1_64' title='bbox 1725 802 1947 847; x_wconf 88' lang='lat' dir='ltr'>cuiusdam,</span> <span class='ocrx_word' id='word_1_65' title='bbox 1981 805 2023 838; x_wconf 91' lang='lat' dir='ltr'>ut</span> <span class='ocrx_word' id='word_1_66' title='bbox 2044 802 2102 838; x_wconf 92' lang='lat' dir='ltr'>vi-</span> 
     </span>
     <span class='ocr_line' id='line_1_9' title="bbox 225 855 1420 906; baseline -0.001 -11"><span class='ocrx_word' id='word_1_67' title='bbox 225 859 337 895; x_wconf 89' lang='lat' dir='ltr'>detur</span> <span class='ocrx_word' id='word_1_68' title='bbox 365 858 581 906; x_wconf 75' lang='lat' dir='ltr'>HymnarH,</span> <span class='ocrx_word' id='word_1_69' title='bbox 614 867 717 895; x_wconf 86' lang='lat' dir='ltr'>saec.</span> <span class='ocrx_word' id='word_1_70' title='bbox 750 855 854 894; x_wconf 93' lang='lat' dir='ltr'>XIV.</span> <span class='ocrx_word' id='word_1_71' title='bbox 887 856 917 892; x_wconf 93' lang='lat' dir='ltr'>E</span> <span class='ocrx_word' id='word_1_72' title='bbox 948 860 1117 893; x_wconf 87' lang='lat' dir='ltr'>monast.</span> <span class='ocrx_word' id='word_1_73' title='bbox 1152 855 1192 894; x_wconf 89' lang='lat' dir='ltr'>S.</span> <span class='ocrx_word' id='word_1_74' title='bbox 1227 855 1420 894; x_wconf 86' lang='lat' dir='ltr'>Coronae.</span> 
     </span>
    </p>
   </div>
   <div class='ocr_carea' id='block_1_5' title="bbox 226 979 1424 1127">
    <p class='ocr_par' dir='ltr' id='par_1_5' title="bbox 226 979 1424 1127">
     <span class='ocr_line' id='line_1_10' title="bbox 364 979 1325 1034; baseline -0.006 0"><span class='ocrx_word' id='word_1_75' title='bbox 364 980 460 1034; x_wconf 85' lang='grc'>319</span> <span class='ocrx_word' id='word_1_76' title='bbox 1035 980 1073 1029; x_wconf 91' lang='lat' dir='ltr'>I.</span> <span class='ocrx_word' id='word_1_77' title='bbox 1115 980 1174 1029; x_wconf 89' lang='lat' dir='ltr'>G.</span> <span class='ocrx_word' id='word_1_78' title='bbox 1213 979 1325 1029; x_wconf 66' lang='grc'><em>42]).</em></span> 
     </span>
     <span class='ocr_line' id='line_1_11' title="bbox 226 1073 1424 1127; baseline -0.002 -12"><span class='ocrx_word' id='word_1_79' title='bbox 226 1074 478 1115; x_wconf 81' lang='lat' dir='ltr'>membran.</span> <span class='ocrx_word' id='word_1_80' title='bbox 513 1085 628 1115; x_wconf 84' lang='lat' dir='ltr'>saec.</span> <span class='ocrx_word' id='word_1_81' title='bbox 660 1073 777 1114; x_wconf 91' lang='lat' dir='ltr'>XIV</span> <span class='ocrx_word' id='word_1_82' title='bbox 793 1073 847 1127; x_wconf 88' lang='lat' dir='ltr'>ff.</span> <span class='ocrx_word' id='word_1_83' title='bbox 879 1074 949 1123; x_wconf 80' lang='lat'>85,</span> <span class='ocrx_word' id='word_1_84' title='bbox 968 1074 1020 1114; x_wconf 83' lang='lat'>21</span> <span class='ocrx_word' id='word_1_85' title='bbox 1043 1073 1164 1114; x_wconf 85' lang='lat'><em>&gt;&lt;15</em></span> <span class='ocrx_word' id='word_1_86' title='bbox 1191 1085 1274 1114; x_wconf 87' lang='lat' dir='ltr'>cm.</span> <span class='ocrx_word' id='word_1_87' title='bbox 1308 1075 1331 1113; x_wconf 91' lang='grc'><em>1</em></span> <span class='ocrx_word' id='word_1_88' title='bbox 1365 1086 1424 1114; x_wconf 80' lang='lat' dir='ltr'>m.</span> 
     </span>
    </p>
   </div>
   <div class='ocr_carea' id='block_1_6' title="bbox 225 1151 2105 1382">
    <p class='ocr_par' dir='ltr' id='par_1_6' title="bbox 225 1151 2105 1382">
     <span class='ocr_line' id='line_1_12' title="bbox 371 1151 2100 1206; baseline 0.002 -11"><span class='ocrx_word' id='word_1_89' title='bbox 371 1155 398 1195; x_wconf 90' lang='lat' dir='ltr'>f.</span> <span class='ocrx_word' id='word_1_90' title='bbox 436 1151 596 1195; x_wconf 76' lang='lat' dir='ltr'>1—65b</span> <span class='ocrx_word' id='word_1_91' title='bbox 627 1154 671 1195; x_wconf 93' lang='lat' dir='ltr'>S.</span> <span class='ocrx_word' id='word_1_92' title='bbox 704 1154 1061 1195; x_wconf 86' lang='lat' dir='ltr'>Bonaventurae</span> <span class='ocrx_word' id='word_1_93' title='bbox 1092 1155 1228 1195; x_wconf 92' lang='lat' dir='ltr'>Liber</span> <span class='ocrx_word' id='word_1_94' title='bbox 1252 1156 1307 1195; x_wconf 90' lang='lat' dir='ltr'>de</span> <span class='ocrx_word' id='word_1_95' title='bbox 1325 1158 1506 1206; x_wconf 88' lang='lat' dir='ltr'>septem</span> <span class='ocrx_word' id='word_1_96' title='bbox 1523 1155 1772 1196; x_wconf 88' lang='lat' dir='ltr'>itineribus</span> <span class='ocrx_word' id='word_1_97' title='bbox 1796 1157 2100 1198; x_wconf 83' lang='lat' dir='ltr'><strong>aeternitatis.</strong></span> 
     </span>
     <span class='ocr_line' id='line_1_13' title="bbox 230 1211 2105 1267; baseline 0.001 -13"><span class='ocrx_word' id='word_1_98' title='bbox 230 1211 456 1262; x_wconf 86' lang='lat' dir='ltr'>»Omnem‚</span> <span class='ocrx_word' id='word_1_99' title='bbox 489 1215 562 1265; x_wconf 92' lang='lat' dir='ltr'>qui</span> <span class='ocrx_word' id='word_1_100' title='bbox 592 1216 711 1253; x_wconf 88' lang='lat' dir='ltr'>venit</span> <span class='ocrx_word' id='word_1_101' title='bbox 741 1213 798 1253; x_wconf 90' lang='lat' dir='ltr'>ad</span> <span class='ocrx_word' id='word_1_102' title='bbox 830 1225 924 1253; x_wconf 77' lang='lat' dir='ltr'>me«</span> <span class='ocrx_word' id='word_1_103' title='bbox 961 1214 1004 1251; x_wconf 93' lang='lat'>&gt;&lt;</span> <span class='ocrx_word' id='word_1_104' title='bbox 1041 1213 1122 1253; x_wconf 84' lang='lat' dir='ltr'>»ad</span> <span class='ocrx_word' id='word_1_105' title='bbox 1155 1224 1286 1266; x_wconf 91' lang='lat' dir='ltr'>quam</span> <span class='ocrx_word' id='word_1_106' title='bbox 1320 1213 1502 1253; x_wconf 91' lang='lat' dir='ltr'>domum</span> <span class='ocrx_word' id='word_1_107' title='bbox 1536 1216 1772 1254; x_wconf 89' lang='lat' dir='ltr'>eternitatis</span> <span class='ocrx_word' id='word_1_108' title='bbox 1819 1227 1903 1255; x_wconf 90' lang='lat' dir='ltr'>nos</span> <span class='ocrx_word' id='word_1_109' title='bbox 1947 1216 2105 1267; x_wconf 89' lang='lat' dir='ltr'>perdu-</span> 
     </span>
     <span class='ocr_line' id='line_1_14' title="bbox 226 1271 2105 1326; baseline 0.002 -15"><span class='ocrx_word' id='word_1_110' title='bbox 226 1274 308 1320; x_wconf 87' lang='lat' dir='ltr'>cat,</span> <span class='ocrx_word' id='word_1_111' title='bbox 340 1274 413 1324; x_wconf 90' lang='lat' dir='ltr'>qui</span> <span class='ocrx_word' id='word_1_112' title='bbox 444 1274 512 1311; x_wconf 90' lang='lat' dir='ltr'>est</span> <span class='ocrx_word' id='word_1_113' title='bbox 543 1275 719 1311; x_wconf 90' lang='lat' dir='ltr'>eternus</span> <span class='ocrx_word' id='word_1_114' title='bbox 751 1275 794 1311; x_wconf 92' lang='lat' dir='ltr'>et</span> <span class='ocrx_word' id='word_1_115' title='bbox 824 1283 940 1311; x_wconf 88' lang='lat' dir='ltr'>unus</span> <span class='ocrx_word' id='word_1_116' title='bbox 973 1271 1083 1311; x_wconf 90' lang='lat' dir='ltr'>deus</span> <span class='ocrx_word' id='word_1_117' title='bbox 1116 1274 1159 1311; x_wconf 90' lang='lat' dir='ltr'>in</span> <span class='ocrx_word' id='word_1_118' title='bbox 1192 1275 1389 1311; x_wconf 89' lang='lat' dir='ltr'>eternum</span> <span class='ocrx_word' id='word_1_119' title='bbox 1422 1272 1683 1311; x_wconf 84' lang='lat' dir='ltr'>benedictus</span> <span class='ocrx_word' id='word_1_120' title='bbox 1716 1273 1829 1312; x_wconf 87' lang='lat' dir='ltr'>deus</span> <span class='ocrx_word' id='word_1_121' title='bbox 1862 1285 1939 1313; x_wconf 83' lang='lat' dir='ltr'>rex</span> <span class='ocrx_word' id='word_1_122' title='bbox 1971 1286 2105 1326; x_wconf 88' lang='lat' dir='ltr'>ange-</span> 
     </span>
     <span class='ocr_line' id='line_1_15' title="bbox 225 1329 1676 1382; baseline 0 -12"><span class='ocrx_word' id='word_1_123' title='bbox 225 1329 378 1379; x_wconf 89' lang='lat' dir='ltr'>lorum,</span> <span class='ocrx_word' id='word_1_124' title='bbox 411 1332 484 1382; x_wconf 92' lang='lat' dir='ltr'>qui</span> <span class='ocrx_word' id='word_1_125' title='bbox 514 1332 620 1369; x_wconf 92' lang='lat' dir='ltr'>vivit</span> <span class='ocrx_word' id='word_1_126' title='bbox 650 1333 730 1371; x_wconf 88' lang='lat' dir='ltr'>ete.</span> <span class='ocrx_word' id='word_1_127' title='bbox 763 1329 1010 1381; x_wconf 81' lang='lat' dir='ltr'>Expliciunt</span> <span class='ocrx_word' id='word_1_128' title='bbox 1041 1332 1192 1369; x_wconf 91' lang='lat' dir='ltr'>itinera</span> <span class='ocrx_word' id='word_1_129' title='bbox 1224 1332 1460 1369; x_wconf 89' lang='lat' dir='ltr'>eternitatis</span> <span class='ocrx_word' id='word_1_130' title='bbox 1492 1330 1676 1370; x_wconf 66' lang='lat' dir='ltr'>Amen«</span> 
     </span>
    </p>
   </div>
   <div class='ocr_carea' id='block_1_7' title="bbox 226 1397 2104 1684">
    <p class='ocr_par' dir='ltr' id='par_1_7' title="bbox 226 1397 2104 1684">
     <span class='ocr_line' id='line_1_16' title="bbox 370 1397 2101 1452; baseline 0.002 -13"><span class='ocrx_word' id='word_1_131' title='bbox 370 1398 398 1439; x_wconf 92' lang='lat' dir='ltr'>f.</span> <span class='ocrx_word' id='word_1_132' title='bbox 430 1397 646 1439; x_wconf 64' lang='lat'>660—8612</span> <span class='ocrx_word' id='word_1_133' title='bbox 683 1399 909 1451; x_wconf 86' lang='lat' dir='ltr'>»Incipitur</span> <span class='ocrx_word' id='word_1_134' title='bbox 938 1400 1055 1448; x_wconf 88' lang='lat' dir='ltr'>liber,</span> <span class='ocrx_word' id='word_1_135' title='bbox 1103 1403 1175 1452; x_wconf 90' lang='lat' dir='ltr'>qui</span> <span class='ocrx_word' id='word_1_136' title='bbox 1209 1399 1362 1439; x_wconf 91' lang='lat' dir='ltr'>dicitur</span> <span class='ocrx_word' id='word_1_137' title='bbox 1407 1399 1659 1451; x_wconf 88' lang='lat' dir='ltr'>Speculum</span> <span class='ocrx_word' id='word_1_138' title='bbox 1682 1401 2101 1452; x_wconf 88' lang='lat' dir='ltr'>contemplacionis</span> 
     </span>
     <span class='ocr_line' id='line_1_17' title="bbox 227 1455 2104 1510; baseline 0.002 -13"><span class='ocrx_word' id='word_1_139' title='bbox 227 1455 439 1510; x_wconf 86' lang='lat' dir='ltr'>(Gerardi</span> <span class='ocrx_word' id='word_1_140' title='bbox 469 1456 867 1510; x_wconf 89' lang='lat' dir='ltr'>Zutphaniensis).</span> <span class='ocrx_word' id='word_1_141' title='bbox 902 1457 1063 1497; x_wconf 84' lang='lat' dir='ltr'>Beatus</span> <span class='ocrx_word' id='word_1_142' title='bbox 1094 1461 1170 1506; x_wconf 89' lang='lat' dir='ltr'>vir,</span> <span class='ocrx_word' id='word_1_143' title='bbox 1205 1460 1329 1497; x_wconf 89' lang='lat' dir='ltr'>cuius</span> <span class='ocrx_word' id='word_1_144' title='bbox 1371 1461 1439 1497; x_wconf 91' lang='lat' dir='ltr'>est</span> <span class='ocrx_word' id='word_1_145' title='bbox 1468 1459 1674 1498; x_wconf 86' lang='lat' dir='ltr'>auxilium</span> <span class='ocrx_word' id='word_1_146' title='bbox 1698 1459 1779 1498; x_wconf 90' lang='lat' dir='ltr'>abs</span> <span class='ocrx_word' id='word_1_147' title='bbox 1812 1462 1875 1499; x_wconf 82' lang='lat' dir='ltr'>te«</span> <span class='ocrx_word' id='word_1_148' title='bbox 1912 1461 1957 1498; x_wconf 91' lang='grc'>&gt;&lt;</span> <span class='ocrx_word' id='word_1_149' title='bbox 1993 1460 2104 1500; x_wconf 82' lang='lat' dir='ltr'>»Ex-</span> 
     </span>
     <span class='ocr_line' id='line_1_18' title="bbox 227 1515 2101 1569; baseline 0.002 -14"><span class='ocrx_word' id='word_1_150' title='bbox 227 1516 342 1567; x_wconf 92' lang='lat' dir='ltr'>plicit</span> <span class='ocrx_word' id='word_1_151' title='bbox 370 1515 476 1556; x_wconf 90' lang='lat' dir='ltr'>liber</span> <span class='ocrx_word' id='word_1_152' title='bbox 506 1516 969 1567; x_wconf 85' lang='lat' dir='ltr'>contemplativus...</span> <span class='ocrx_word' id='word_1_153' title='bbox 1003 1516 1152 1556; x_wconf 90' lang='lat' dir='ltr'>finitus</span> <span class='ocrx_word' id='word_1_154' title='bbox 1203 1527 1278 1567; x_wconf 88' lang='lat' dir='ltr'>per</span> <span class='ocrx_word' id='word_1_155' title='bbox 1323 1527 1482 1555; x_wconf 90' lang='lat' dir='ltr'>manus</span> <span class='ocrx_word' id='word_1_156' title='bbox 1529 1515 1710 1557; x_wconf 89' lang='lat' dir='ltr'>Nicolai</span> <span class='ocrx_word' id='word_1_157' title='bbox 1755 1518 2017 1569; x_wconf 86' lang='lat' dir='ltr'>presbyteri</span> <span class='ocrx_word' id='word_1_158' title='bbox 2060 1522 2101 1558; x_wconf 90' lang='lat' dir='ltr'>in</span> 
     </span>
     <span class='ocr_line' id='line_1_19' title="bbox 226 1572 2102 1625; baseline 0.002 -12"><span class='ocrx_word' id='word_1_159' title='bbox 226 1574 368 1625; x_wconf 88' lang='lat' dir='ltr'>vigilia</span> <span class='ocrx_word' id='word_1_160' title='bbox 398 1584 433 1615; x_wconf 82' lang='lat' dir='ltr'>s,</span> <span class='ocrx_word' id='word_1_161' title='bbox 465 1572 679 1614; x_wconf 89' lang='lat' dir='ltr'>Valentini</span> <span class='ocrx_word' id='word_1_162' title='bbox 711 1573 826 1613; x_wconf 89' lang='lat' dir='ltr'>XVII</span> <span class='ocrx_word' id='word_1_163' title='bbox 858 1574 941 1614; x_wconf 89' lang='lat' dir='ltr'>kal.</span> <span class='ocrx_word' id='word_1_164' title='bbox 974 1573 1149 1614; x_wconf 65' lang='lat' dir='ltr'>Marci«</span> <span class='ocrx_word' id='word_1_165' title='bbox 1185 1574 1357 1622; x_wconf 87' lang='lat' dir='ltr'>(Eidem</span> <span class='ocrx_word' id='word_1_166' title='bbox 1381 1575 1596 1625; x_wconf 86' lang='lat' dir='ltr'>opusculo</span> <span class='ocrx_word' id='word_1_167' title='bbox 1625 1576 1722 1614; x_wconf 91' lang='lat' dir='ltr'>alibi</span> <span class='ocrx_word' id='word_1_168' title='bbox 1745 1577 2013 1616; x_wconf 89' lang='lat' dir='ltr'>inscribitur:</span> <span class='ocrx_word' id='word_1_169' title='bbox 2048 1577 2102 1616; x_wconf 86' lang='lat' dir='ltr'>de</span> 
     </span>
     <span class='ocr_line' id='line_1_20' title="bbox 226 1630 1565 1684; baseline 0.001 -13"><span class='ocrx_word' id='word_1_170' title='bbox 226 1630 300 1672; x_wconf 89' lang='lat' dir='ltr'>V11</span> <span class='ocrx_word' id='word_1_171' title='bbox 330 1631 539 1683; x_wconf 89' lang='lat' dir='ltr'>gradibus</span> <span class='ocrx_word' id='word_1_172' title='bbox 571 1635 746 1681; x_wconf 89' lang='lat' dir='ltr'>amoris,</span> <span class='ocrx_word' id='word_1_173' title='bbox 780 1632 833 1671; x_wconf 94' lang='lat' dir='ltr'>de</span> <span class='ocrx_word' id='word_1_174' title='bbox 866 1633 1158 1684; x_wconf 84' lang='lat' dir='ltr'>spiritualibus</span> <span class='ocrx_word' id='word_1_175' title='bbox 1191 1633 1565 1681; x_wconf 88' lang='lat' dir='ltr'>ascensionibus.)</span> 
     </span>
    </p>
   </div>
   <div class='ocr_carea' id='block_1_8' title="bbox 227 1702 2102 1866">
    <p class='ocr_par' dir='ltr' id='par_1_8' title="bbox 227 1702 2102 1866">
     <span class='ocr_line' id='line_1_21' title="bbox 367 1702 2102 1750; baseline 0.002 -11"><span class='ocrx_word' id='word_1_176' title='bbox 367 1702 504 1740; x_wconf 92' lang='lat' dir='ltr'>Codici</span> <span class='ocrx_word' id='word_1_177' title='bbox 537 1703 631 1739; x_wconf 92' lang='lat' dir='ltr'>olim</span> <span class='ocrx_word' id='word_1_178' title='bbox 664 1704 874 1739; x_wconf 90' lang='lat' dir='ltr'>adiunctus</span> <span class='ocrx_word' id='word_1_179' title='bbox 907 1708 988 1739; x_wconf 89' lang='lat' dir='ltr'>erat</span> <span class='ocrx_word' id='word_1_180' title='bbox 1020 1703 1234 1749; x_wconf 87' lang='lat' dir='ltr'>Catalogus</span> <span class='ocrx_word' id='word_1_181' title='bbox 1268 1703 1453 1738; x_wconf 91' lang='lat' dir='ltr'>abbatum</span> <span class='ocrx_word' id='word_1_182' title='bbox 1487 1708 1657 1741; x_wconf 84' lang='lat' dir='ltr'>monast.</span> <span class='ocrx_word' id='word_1_183' title='bbox 1693 1704 1732 1741; x_wconf 90' lang='lat' dir='ltr'>S.</span> <span class='ocrx_word' id='word_1_184' title='bbox 1767 1704 1960 1750; x_wconf 91' lang='lat' dir='ltr'>Coronae,</span> <span class='ocrx_word' id='word_1_185' title='bbox 1994 1711 2036 1742; x_wconf 91' lang='lat' dir='ltr'>ut</span> <span class='ocrx_word' id='word_1_186' title='bbox 2062 1707 2102 1742; x_wconf 90' lang='lat' dir='ltr'>in</span> 
     </span>
     <span class='ocr_line' id='line_1_22' title="bbox 227 1756 2102 1804; baseline 0.002 -7"><span class='ocrx_word' id='word_1_187' title='bbox 227 1761 253 1799; x_wconf 84' lang='lat' dir='ltr'>f.</span> <span class='ocrx_word' id='word_1_188' title='bbox 287 1756 363 1798; x_wconf 72' lang='lat'>86¹&gt;</span> <span class='ocrx_word' id='word_1_189' title='bbox 394 1772 514 1797; x_wconf 89' lang='lat' dir='ltr'>manu</span> <span class='ocrx_word' id='word_1_190' title='bbox 546 1772 647 1799; x_wconf 89' lang='lat' dir='ltr'>saec.</span> <span class='ocrx_word' id='word_1_191' title='bbox 680 1760 790 1797; x_wconf 93' lang='lat' dir='ltr'>XVII</span> <span class='ocrx_word' id='word_1_192' title='bbox 821 1766 1000 1804; x_wconf 86' lang='lat' dir='ltr'>notatur;</span> <span class='ocrx_word' id='word_1_193' title='bbox 1043 1762 1111 1797; x_wconf 89' lang='lat' dir='ltr'>sed</span> <span class='ocrx_word' id='word_1_194' title='bbox 1152 1762 1215 1797; x_wconf 90' lang='lat' dir='ltr'>hic</span> <span class='ocrx_word' id='word_1_195' title='bbox 1247 1772 1352 1796; x_wconf 88' lang='lat' dir='ltr'>nunc</span> <span class='ocrx_word' id='word_1_196' title='bbox 1397 1762 1651 1798; x_wconf 88' lang='lat' dir='ltr'>desideratur.</span> <span class='ocrx_word' id='word_1_197' title='bbox 1712 1762 1899 1799; x_wconf 86' lang='lat' dir='ltr'>Eiusdem</span> <span class='ocrx_word' id='word_1_198' title='bbox 1931 1769 2102 1801; x_wconf 85' lang='lat' dir='ltr'>monast.</span> 
     </span>
     <span class='ocr_line' id='line_1_23' title="bbox 229 1819 1152 1866; baseline 0.001 -10"><span class='ocrx_word' id='word_1_199' title='bbox 229 1820 356 1856; x_wconf 85' lang='lat' dir='ltr'>codex</span> <span class='ocrx_word' id='word_1_200' title='bbox 388 1819 471 1864; x_wconf 86' lang='lat' dir='ltr'>fuit,</span> <span class='ocrx_word' id='word_1_201' title='bbox 506 1824 715 1866; x_wconf 88' lang='lat' dir='ltr'>antequam</span> <span class='ocrx_word' id='word_1_202' title='bbox 749 1820 798 1855; x_wconf 85' lang='lat' dir='ltr'>ad</span> <span class='ocrx_word' id='word_1_203' title='bbox 830 1830 904 1855; x_wconf 88' lang='lat' dir='ltr'>nos</span> <span class='ocrx_word' id='word_1_204' title='bbox 940 1821 1152 1866; x_wconf 74' lang='lat' dir='ltr'>pervenit.v</span> 
     </span>
    </p>
   </div>
   <div class='ocr_carea' id='block_1_9' title="bbox 229 1942 1384 2089">
    <p class='ocr_par' dir='ltr' id='par_1_9' title="bbox 229 1942 1384 2089">
     <span class='ocr_line' id='line_1_24' title="bbox 366 1942 1312 1998; baseline -0.007 0"><span class='ocrx_word' id='word_1_205' title='bbox 366 1943 479 1998; x_wconf 84' lang='lat'>32⁰</span> <span class='ocrx_word' id='word_1_206' title='bbox 1051 1944 1090 1992; x_wconf 87' lang='lat' dir='ltr'>I.</span> <span class='ocrx_word' id='word_1_207' title='bbox 1135 1942 1193 1992; x_wconf 90' lang='lat' dir='ltr'>G.</span> <span class='ocrx_word' id='word_1_208' title='bbox 1231 1944 1312 1992; x_wconf 74' lang='lat'>43.</span> 
     </span>
     <span class='ocr_line' id='line_1_25' title="bbox 229 2036 1384 2089; baseline -0.003 -10"><span class='ocrx_word' id='word_1_209' title='bbox 229 2039 374 2079; x_wconf 87' lang='lat' dir='ltr'>chart.</span> <span class='ocrx_word' id='word_1_210' title='bbox 405 2049 522 2079; x_wconf 81' lang='lat' dir='ltr'>saec.</span> <span class='ocrx_word' id='word_1_211' title='bbox 555 2036 672 2078; x_wconf 90' lang='lat' dir='ltr'>XIV</span> <span class='ocrx_word' id='word_1_212' title='bbox 686 2036 751 2089; x_wconf 91' lang='lat' dir='ltr'>ff.</span> <span class='ocrx_word' id='word_1_213' title='bbox 784 2037 855 2087; x_wconf 82' lang='lat'>89,</span> <span class='ocrx_word' id='word_1_214' title='bbox 886 2038 938 2078; x_wconf 81' lang='lat'>21</span> <span class='ocrx_word' id='word_1_215' title='bbox 963 2037 999 2079; x_wconf 90' lang='lat'>&gt;&lt;</span> <span class='ocrx_word' id='word_1_216' title='bbox 1020 2037 1123 2077; x_wconf 67' lang='lat'>145</span> <span class='ocrx_word' id='word_1_217' title='bbox 1150 2049 1233 2077; x_wconf 80' lang='lat' dir='ltr'>cm.</span> <span class='ocrx_word' id='word_1_218' title='bbox 1271 2037 1289 2076; x_wconf 89' lang='lat' dir='ltr'><em>l</em></span> <span class='ocrx_word' id='word_1_219' title='bbox 1325 2049 1384 2076; x_wconf 81' lang='lat' dir='ltr'>m.</span> 
     </span>
    </p>
   </div>
   <div class='ocr_carea' id='block_1_10' title="bbox 230 2116 2105 2277">
    <p class='ocr_par' dir='ltr' id='par_1_10' title="bbox 230 2116 2105 2277">
     <span class='ocr_line' id='line_1_26' title="bbox 373 2116 2104 2167; baseline 0.001 -7"><span class='ocrx_word' id='word_1_220' title='bbox 373 2119 401 2160; x_wconf 91' lang='lat' dir='ltr'>f.</span> <span class='ocrx_word' id='word_1_221' title='bbox 438 2116 599 2159; x_wconf 81' lang='lat' dir='ltr'>1—54b</span> <span class='ocrx_word' id='word_1_222' title='bbox 630 2120 842 2167; x_wconf 83' lang='lat' dir='ltr'>(anepigr.)</span> <span class='ocrx_word' id='word_1_223' title='bbox 881 2117 1116 2158; x_wconf 89' lang='lat' dir='ltr'>Historiae</span> <span class='ocrx_word' id='word_1_224' title='bbox 1176 2117 1363 2158; x_wconf 89' lang='lat' dir='ltr'>Veteris</span> <span class='ocrx_word' id='word_1_225' title='bbox 1410 2117 1710 2159; x_wconf 89' lang='lat' dir='ltr'>Testamenti.</span> <span class='ocrx_word' id='word_1_226' title='bbox 1772 2120 1941 2160; x_wconf 86' lang='lat' dir='ltr'>»Adam</span> <span class='ocrx_word' id='word_1_227' title='bbox 1973 2124 2104 2161; x_wconf 87' lang='lat' dir='ltr'>unico</span> 
     </span>
     <span class='ocr_line' id='line_1_27' title="bbox 230 2174 2105 2230; baseline 0 -11"><span class='ocrx_word' id='word_1_228' title='bbox 230 2178 346 2219; x_wconf 78' lang='lat' dir='ltr'>facto</span> <span class='ocrx_word' id='word_1_229' title='bbox 378 2189 461 2218; x_wconf 89' lang='lat' dir='ltr'>suo</span> <span class='ocrx_word' id='word_1_230' title='bbox 493 2177 630 2217; x_wconf 90' lang='lat' dir='ltr'>multa</span> <span class='ocrx_word' id='word_1_231' title='bbox 661 2180 841 2228; x_wconf 89' lang='lat' dir='ltr'>peccata</span> <span class='ocrx_word' id='word_1_232' title='bbox 873 2179 1117 2216; x_wconf 83' lang='lat' dir='ltr'>commisit«</span> <span class='ocrx_word' id='word_1_233' title='bbox 1153 2185 1197 2221; x_wconf 93' lang='lat'>&gt;&lt;</span> <span class='ocrx_word' id='word_1_234' title='bbox 1233 2179 1300 2216; x_wconf 74' lang='lat' dir='ltr'>»et</span> <span class='ocrx_word' id='word_1_235' title='bbox 1331 2176 1385 2215; x_wconf 91' lang='lat' dir='ltr'>de</span> <span class='ocrx_word' id='word_1_236' title='bbox 1416 2174 1677 2217; x_wconf 89' lang='lat' dir='ltr'>Nichanoris</span> <span class='ocrx_word' id='word_1_237' title='bbox 1710 2181 1903 2218; x_wconf 78' lang='lat' dir='ltr'>exercitu</span> <span class='ocrx_word' id='word_1_238' title='bbox 1927 2191 2105 2230; x_wconf 90' lang='lat' dir='ltr'>percus-</span> 
     </span>
     <span class='ocr_line' id='line_1_28' title="bbox 230 2234 734 2277; baseline -0.008 0"><span class='ocrx_word' id='word_1_239' title='bbox 230 2240 382 2277; x_wconf 90' lang='lat' dir='ltr'>serunt</span> <span class='ocrx_word' id='word_1_240' title='bbox 411 2234 533 2275; x_wconf 92' lang='lat' dir='ltr'>XXV</span> <span class='ocrx_word' id='word_1_241' title='bbox 563 2235 734 2275; x_wconf 81' lang='lat' dir='ltr'>millia«.</span> 
     </span>
    </p>
   </div>
   <div class='ocr_carea' id='block_1_11' title="bbox 229 2314 2106 2658">
    <p class='ocr_par' dir='ltr' id='par_1_11' title="bbox 229 2314 2106 2658">
     <span class='ocr_line' id='line_1_29' title="bbox 374 2314 2105 2367; baseline 0.001 -10"><span class='ocrx_word' id='word_1_242' title='bbox 374 2317 402 2357; x_wconf 87' lang='lat' dir='ltr'>f.</span> <span class='ocrx_word' id='word_1_243' title='bbox 433 2314 649 2357; x_wconf 73' lang='lat' dir='ltr'>54b—89a</span> <span class='ocrx_word' id='word_1_244' title='bbox 679 2318 891 2365; x_wconf 85' lang='lat' dir='ltr'>(anepigr.)</span> <span class='ocrx_word' id='word_1_245' title='bbox 932 2314 1236 2356; x_wconf 88' lang='lat' dir='ltr'>Narrationes</span> <span class='ocrx_word' id='word_1_246' title='bbox 1284 2316 1576 2367; x_wconf 86' lang='lat' dir='ltr'>exemplares</span> <span class='ocrx_word' id='word_1_247' title='bbox 1610 2319 1657 2356; x_wconf 88' lang='lat' dir='ltr'>et</span> <span class='ocrx_word' id='word_1_248' title='bbox 1687 2317 2015 2367; x_wconf 89' lang='lat' dir='ltr'>persuasoriae</span> <span class='ocrx_word' id='word_1_249' title='bbox 2048 2318 2105 2358; x_wconf 92' lang='lat' dir='ltr'>ad</span> 
     </span>
     <span class='ocr_line' id='line_1_30' title="bbox 230 2373 2104 2426; baseline 0 -10"><span class='ocrx_word' id='word_1_250' title='bbox 230 2375 589 2416; x_wconf 85' lang='lat' dir='ltr'>instructionem</span> <span class='ocrx_word' id='word_1_251' title='bbox 619 2373 989 2425; x_wconf 89' lang='lat' dir='ltr'>praesidentium</span> <span class='ocrx_word' id='word_1_252' title='bbox 1019 2373 1067 2412; x_wconf 93' lang='lat' dir='ltr'>in</span> <span class='ocrx_word' id='word_1_253' title='bbox 1097 2373 1299 2424; x_wconf 85' lang='lat' dir='ltr'>thronis,</span> <span class='ocrx_word' id='word_1_254' title='bbox 1349 2377 1487 2425; x_wconf 91' lang='lat' dir='ltr'>prout</span> <span class='ocrx_word' id='word_1_255' title='bbox 1518 2374 1820 2414; x_wconf 90' lang='lat' dir='ltr'>continentur</span> <span class='ocrx_word' id='word_1_256' title='bbox 1864 2374 1912 2414; x_wconf 91' lang='lat' dir='ltr'>in</span> <span class='ocrx_word' id='word_1_257' title='bbox 1957 2377 2104 2426; x_wconf 90' lang='lat' dir='ltr'>gestis</span> 
     </span>
     <span class='ocr_line' id='line_1_31' title="bbox 229 2430 2106 2486; baseline -0.001 -11"><span class='ocrx_word' id='word_1_258' title='bbox 229 2435 475 2486; x_wconf 83' lang='lat' dir='ltr'>potentum</span> <span class='ocrx_word' id='word_1_259' title='bbox 504 2432 582 2473; x_wconf 88' lang='lat' dir='ltr'>vel</span> <span class='ocrx_word' id='word_1_260' title='bbox 613 2431 893 2483; x_wconf 91' lang='lat' dir='ltr'>sapientum.</span> <span class='ocrx_word' id='word_1_261' title='bbox 925 2430 1136 2481; x_wconf 88' lang='lat' dir='ltr'>(Titulum</span> <span class='ocrx_word' id='word_1_262' title='bbox 1168 2432 1285 2471; x_wconf 92' lang='lat' dir='ltr'>hunc</span> <span class='ocrx_word' id='word_1_263' title='bbox 1317 2443 1340 2471; x_wconf 91' lang='lat' dir='ltr'><strong>e</strong></span> <span class='ocrx_word' id='word_1_264' title='bbox 1373 2435 1596 2483; x_wconf 89' lang='lat' dir='ltr'>prooemio</span> <span class='ocrx_word' id='word_1_265' title='bbox 1619 2435 1925 2484; x_wconf 88' lang='lat' dir='ltr'>sumpsimus).</span> <span class='ocrx_word' id='word_1_266' title='bbox 1961 2433 2106 2486; x_wconf 77' lang='lat' dir='ltr'>»Quo-</span> 
     </span>
     <span class='ocr_line' id='line_1_32' title="bbox 230 2490 2103 2543; baseline 0 -11"><span class='ocrx_word' id='word_1_267' title='bbox 230 2495 347 2533; x_wconf 90' lang='lat' dir='ltr'>niam</span> <span class='ocrx_word' id='word_1_268' title='bbox 379 2490 676 2531; x_wconf 73' lang='lat' dir='ltr'>misericordia</span> <span class='ocrx_word' id='word_1_269' title='bbox 707 2494 750 2530; x_wconf 92' lang='lat' dir='ltr'>et</span> <span class='ocrx_word' id='word_1_270' title='bbox 779 2493 940 2530; x_wconf 87' lang='lat' dir='ltr'>veritas</span> <span class='ocrx_word' id='word_1_271' title='bbox 973 2490 1228 2530; x_wconf 89' lang='lat' dir='ltr'>custodiunt</span> <span class='ocrx_word' id='word_1_272' title='bbox 1258 2501 1430 2541; x_wconf 77' lang='lat' dir='ltr'>regem«</span> <span class='ocrx_word' id='word_1_273' title='bbox 1486 2492 1528 2528; x_wconf 96' lang='lat'>&gt;&lt;</span> <span class='ocrx_word' id='word_1_274' title='bbox 1584 2490 1681 2530; x_wconf 82' lang='lat' dir='ltr'>»Sic</span> <span class='ocrx_word' id='word_1_275' title='bbox 1729 2502 1830 2530; x_wconf 89' lang='lat' dir='ltr'>caro</span> <span class='ocrx_word' id='word_1_276' title='bbox 1863 2491 2044 2543; x_wconf 85' lang='lat' dir='ltr'>flagellis</span> <span class='ocrx_word' id='word_1_277' title='bbox 2077 2505 2103 2532; x_wconf 95' lang='lat' dir='ltr'>a</span> 
     </span>
     <span class='ocr_line' id='line_1_33' title="bbox 230 2547 2103 2601; baseline -0.001 -11"><span class='ocrx_word' id='word_1_278' title='bbox 230 2549 446 2591; x_wconf 83' lang='lat' dir='ltr'>libidine«.</span> <span class='ocrx_word' id='word_1_279' title='bbox 478 2547 733 2598; x_wconf 90' lang='lat' dir='ltr'>(Dimidium</span> <span class='ocrx_word' id='word_1_280' title='bbox 765 2548 835 2590; x_wconf 87' lang='lat' dir='ltr'>sol.</span> <span class='ocrx_word' id='word_1_281' title='bbox 868 2549 1079 2595; x_wconf 89' lang='lat' dir='ltr'>ultimum,</span> <span class='ocrx_word' id='word_1_282' title='bbox 1113 2548 1186 2587; x_wconf 92' lang='lat' dir='ltr'>ubi</span> <span class='ocrx_word' id='word_1_283' title='bbox 1217 2549 1501 2588; x_wconf 89' lang='lat' dir='ltr'>verisimiliter</span> <span class='ocrx_word' id='word_1_284' title='bbox 1542 2552 1633 2588; x_wconf 89' lang='lat' dir='ltr'>erat</span> <span class='ocrx_word' id='word_1_285' title='bbox 1671 2549 1898 2589; x_wconf 90' lang='lat' dir='ltr'>conclusio</span> <span class='ocrx_word' id='word_1_286' title='bbox 1945 2553 2103 2601; x_wconf 87' lang='lat' dir='ltr'>operis,</span> 
     </span>
     <span class='ocr_line' id='line_1_34' title="bbox 231 2605 1850 2658; baseline -0.001 -10"><span class='ocrx_word' id='word_1_287' title='bbox 231 2608 456 2648; x_wconf 88' lang='lat' dir='ltr'>abscisum</span> <span class='ocrx_word' id='word_1_288' title='bbox 487 2610 586 2658; x_wconf 85' lang='lat' dir='ltr'>est).</span> <span class='ocrx_word' id='word_1_289' title='bbox 618 2605 731 2647; x_wconf 90' lang='lat' dir='ltr'>Sunt</span> <span class='ocrx_word' id='word_1_290' title='bbox 760 2606 949 2646; x_wconf 89' lang='lat' dir='ltr'>Roberti</span> <span class='ocrx_word' id='word_1_291' title='bbox 978 2606 1150 2657; x_wconf 90' lang='lat' dir='ltr'>Holgot</span> <span class='ocrx_word' id='word_1_292' title='bbox 1181 2605 1472 2647; x_wconf 87' lang='lat' dir='ltr'>Moralitates</span> <span class='ocrx_word' id='word_1_293' title='bbox 1504 2617 1540 2646; x_wconf 91' lang='lat' dir='ltr'>s.</span> <span class='ocrx_word' id='word_1_294' title='bbox 1574 2606 1850 2657; x_wconf 90' lang='lat' dir='ltr'>scripturae.</span> 
     </span>
    </p>
   </div>
   <div class='ocr_carea' id='block_1_12' title="bbox 233 2689 2106 2844">
    <p class='ocr_par' dir='ltr' id='par_1_12' title="bbox 233 2689 2106 2844">
     <span class='ocr_line' id='line_1_35' title="bbox 370 2689 2105 2737; baseline 0.001 -11"><span class='ocrx_word' id='word_1_295' title='bbox 370 2690 414 2727; x_wconf 90' lang='lat' dir='ltr'>In</span> <span class='ocrx_word' id='word_1_296' title='bbox 445 2690 568 2726; x_wconf 87' lang='lat' dir='ltr'>fronte</span> <span class='ocrx_word' id='word_1_297' title='bbox 599 2690 624 2726; x_wconf 88' lang='lat' dir='ltr'>f.</span> <span class='ocrx_word' id='word_1_298' title='bbox 662 2690 706 2726; x_wconf 82' lang='lat' dir='ltr'>1a</span> <span class='ocrx_word' id='word_1_299' title='bbox 738 2691 834 2726; x_wconf 87' lang='lat' dir='ltr'>haec</span> <span class='ocrx_word' id='word_1_300' title='bbox 866 2694 961 2726; x_wconf 87' lang='lat' dir='ltr'>nota</span> <span class='ocrx_word' id='word_1_301' title='bbox 992 2691 1182 2726; x_wconf 85' lang='lat' dir='ltr'>occurrit:</span> <span class='ocrx_word' id='word_1_302' title='bbox 1224 2689 1419 2726; x_wconf 81' lang='lat' dir='ltr'>»Libellus</span> <span class='ocrx_word' id='word_1_303' title='bbox 1467 2690 1615 2726; x_wconf 88' lang='lat' dir='ltr'>domini</span> <span class='ocrx_word' id='word_1_304' title='bbox 1662 2690 1801 2726; x_wconf 87' lang='lat' dir='ltr'>Jacobi</span> <span class='ocrx_word' id='word_1_305' title='bbox 1849 2691 1996 2737; x_wconf 85' lang='lat' dir='ltr'>(cetera</span> <span class='ocrx_word' id='word_1_306' title='bbox 2043 2702 2105 2727; x_wconf 89' lang='lat' dir='ltr'>ra—</span> 
     </span>
     <span class='ocr_line' id='line_1_36' title="bbox 233 2748 2106 2795; baseline 0.001 -10"><span class='ocrx_word' id='word_1_307' title='bbox 233 2750 362 2786; x_wconf 88' lang='lat' dir='ltr'>dendo</span> <span class='ocrx_word' id='word_1_308' title='bbox 393 2748 521 2785; x_wconf 88' lang='lat' dir='ltr'>deleta</span> <span class='ocrx_word' id='word_1_309' title='bbox 551 2748 662 2795; x_wconf 89' lang='lat' dir='ltr'>sunt)</span> <span class='ocrx_word' id='word_1_310' title='bbox 694 2749 768 2784; x_wconf 89' lang='lat' dir='ltr'>sibi</span> <span class='ocrx_word' id='word_1_311' title='bbox 800 2748 1048 2794; x_wconf 86' lang='lat' dir='ltr'>singulariter</span> <span class='ocrx_word' id='word_1_312' title='bbox 1079 2752 1235 2794; x_wconf 88' lang='lat' dir='ltr'>propter</span> <span class='ocrx_word' id='word_1_313' title='bbox 1265 2748 1450 2784; x_wconf 90' lang='lat' dir='ltr'>historias</span> <span class='ocrx_word' id='word_1_314' title='bbox 1483 2749 1692 2784; x_wconf 87' lang='lat' dir='ltr'>dilectus«.</span> <span class='ocrx_word' id='word_1_315' title='bbox 1736 2748 1794 2784; x_wconf 86' lang='lat' dir='ltr'>Ex</span> <span class='ocrx_word' id='word_1_316' title='bbox 1826 2753 1994 2786; x_wconf 85' lang='lat' dir='ltr'>monast.</span> <span class='ocrx_word' id='word_1_317' title='bbox 2029 2750 2106 2786; x_wconf 93' lang='lat' dir='ltr'>Bo-</span> 
     </span>
     <span class='ocr_line' id='line_1_37' title="bbox 233 2817 455 2844; baseline 0 0"><span class='ocrx_word' id='word_1_318' title='bbox 233 2817 455 2844; x_wconf 70' lang='lat' dir='ltr'>rovanenm.</span> 
     </span>
    </p>
   </div>
   <div class='ocr_carea' id='block_1_13' title="bbox 373 2917 1304 2972">
    <p class='ocr_par' dir='ltr' id='par_1_13' title="bbox 373 2917 1304 2972">
     <span class='ocr_line' id='line_1_38' title="bbox 373 2917 1304 2972; baseline -0.006 0"><span class='ocrx_word' id='word_1_319' title='bbox 373 2919 464 2972; x_wconf 89' lang='grc'>321</span> <span class='ocrx_word' id='word_1_320' title='bbox 1045 2919 1083 2967; x_wconf 89' lang='lat' dir='ltr'>I.</span> <span class='ocrx_word' id='word_1_321' title='bbox 1128 2917 1184 2967; x_wconf 89' lang='lat' dir='ltr'>G.</span> <span class='ocrx_word' id='word_1_322' title='bbox 1223 2918 1304 2966; x_wconf 68' lang='lat'>44.</span> 
     </span>
    </p>
   </div>
   <div class='ocr_carea' id='block_1_14' title="bbox 379 3013 1396 3066">
    <p class='ocr_par' dir='ltr' id='par_1_14' title="bbox 379 3013 1396 3066">
     <span class='ocr_line' id='line_1_39' title="bbox 379 3013 1396 3066; baseline -0.002 -13"><span class='ocrx_word' id='word_1_323' title='bbox 379 3013 503 3053; x_wconf 88' lang='lat' dir='ltr'>Liber</span> <span class='ocrx_word' id='word_1_324' title='bbox 534 3017 649 3066; x_wconf 88' lang='lat' dir='ltr'>typis</span> <span class='ocrx_word' id='word_1_325' title='bbox 681 3025 888 3061; x_wconf 83' lang='lat' dir='ltr'>excusus,</span> <span class='ocrx_word' id='word_1_326' title='bbox 922 3016 991 3053; x_wconf 92' lang='lat' dir='ltr'>cui</span> <span class='ocrx_word' id='word_1_327' title='bbox 1023 3014 1091 3053; x_wconf 90' lang='lat' dir='ltr'>hic</span> <span class='ocrx_word' id='word_1_328' title='bbox 1124 3013 1270 3052; x_wconf 86' lang='lat' dir='ltr'>titulus</span> <span class='ocrx_word' id='word_1_329' title='bbox 1303 3016 1396 3051; x_wconf 90' lang='lat' dir='ltr'>est:</span> 
     </span>
    </p>
   </div>
   <div class='ocr_carea' id='block_1_15' title="bbox 234 3092 2105 3320">
    <p class='ocr_par' dir='ltr' id='par_1_15' title="bbox 234 3092 2105 3320">
     <span class='ocr_line' id='line_1_40' title="bbox 378 3092 2102 3146; baseline 0 -12"><span class='ocrx_word' id='word_1_330' title='bbox 378 3093 615 3134; x_wconf 89' lang='lat' dir='ltr'>Hermanni</span> <span class='ocrx_word' id='word_1_331' title='bbox 660 3093 971 3135; x_wconf 85' lang='lat' dir='ltr'>Nitzschewitz</span> <span class='ocrx_word' id='word_1_332' title='bbox 1011 3093 1184 3134; x_wconf 90' lang='lat' dir='ltr'>Novum</span> <span class='ocrx_word' id='word_1_333' title='bbox 1232 3095 1384 3134; x_wconf 85' lang='lat' dir='ltr'>beatae</span> <span class='ocrx_word' id='word_1_334' title='bbox 1426 3092 1589 3133; x_wconf 89' lang='lat' dir='ltr'>Mariae</span> <span class='ocrx_word' id='word_1_335' title='bbox 1630 3097 1807 3145; x_wconf 87' lang='lat' dir='ltr'>virginis</span> <span class='ocrx_word' id='word_1_336' title='bbox 1840 3095 2102 3146; x_wconf 89' lang='lat' dir='ltr'>psalterium.</span> 
     </span>
     <span class='ocr_line' id='line_1_41' title="bbox 234 3149 2104 3205; baseline -0.001 -12"><span class='ocrx_word' id='word_1_337' title='bbox 234 3152 372 3193; x_wconf 89' lang='lat' dir='ltr'>Zinna</span> <span class='ocrx_word' id='word_1_338' title='bbox 417 3152 533 3204; x_wconf 92' lang='lat' dir='ltr'>apud</span> <span class='ocrx_word' id='word_1_339' title='bbox 573 3151 846 3205; x_wconf 88' lang='lat' dir='ltr'>Magdeburg</span> <span class='ocrx_word' id='word_1_340' title='bbox 886 3152 1036 3202; x_wconf 83' lang='lat'>(1492)</span> <span class='ocrx_word' id='word_1_341' title='bbox 1075 3149 1124 3191; x_wconf 85' lang='lat'>4⁰</span> <span class='ocrx_word' id='word_1_342' title='bbox 1164 3151 1249 3205; x_wconf 86' lang='lat' dir='ltr'>(Cf.</span> <span class='ocrx_word' id='word_1_343' title='bbox 1292 3151 1415 3192; x_wconf 90' lang='lat' dir='ltr'>catal.</span> <span class='ocrx_word' id='word_1_344' title='bbox 1457 3153 1600 3191; x_wconf 89' lang='lat' dir='ltr'>incun.</span> <span class='ocrx_word' id='word_1_345' title='bbox 1636 3150 1823 3203; x_wconf 85' lang='lat' dir='ltr'>typogr.)</span> <span class='ocrx_word' id='word_1_346' title='bbox 1854 3151 1966 3192; x_wconf 92' lang='lat' dir='ltr'>Huic</span> <span class='ocrx_word' id='word_1_347' title='bbox 1998 3153 2104 3191; x_wconf 83' lang='lat' dir='ltr'>libro</span> 
     </span>
     <span class='ocr_line' id='line_1_42' title="bbox 234 3207 2105 3262; baseline -0.001 -12"><span class='ocrx_word' id='word_1_348' title='bbox 234 3211 422 3262; x_wconf 88' lang='lat' dir='ltr'>adligata</span> <span class='ocrx_word' id='word_1_349' title='bbox 454 3213 558 3250; x_wconf 90' lang='lat' dir='ltr'>sunt</span> <span class='ocrx_word' id='word_1_350' title='bbox 587 3211 801 3262; x_wconf 86' lang='lat' dir='ltr'>opuscula</span> <span class='ocrx_word' id='word_1_351' title='bbox 842 3210 1027 3250; x_wconf 87' lang='lat' dir='ltr'>diversis</span> <span class='ocrx_word' id='word_1_352' title='bbox 1059 3211 1263 3250; x_wconf 88' lang='lat' dir='ltr'>manibus</span> <span class='ocrx_word' id='word_1_353' title='bbox 1296 3221 1411 3250; x_wconf 89' lang='lat' dir='ltr'>saec.</span> <span class='ocrx_word' id='word_1_354' title='bbox 1445 3207 1525 3248; x_wconf 93' lang='lat' dir='ltr'>XV</span> <span class='ocrx_word' id='word_1_355' title='bbox 1558 3220 1624 3249; x_wconf 80' lang='lat' dir='ltr'>ex,</span> <span class='ocrx_word' id='word_1_356' title='bbox 1658 3211 1725 3249; x_wconf 76' lang='lat' dir='ltr'>vel</span> <span class='ocrx_word' id='word_1_357' title='bbox 1757 3209 1854 3250; x_wconf 92' lang='lat' dir='ltr'>XVI</span> <span class='ocrx_word' id='word_1_358' title='bbox 1885 3213 1941 3250; x_wconf 91' lang='lat' dir='ltr'>in.</span> <span class='ocrx_word' id='word_1_359' title='bbox 1975 3213 2016 3249; x_wconf 88' lang='lat' dir='ltr'>in</span> <span class='ocrx_word' id='word_1_360' title='bbox 2049 3210 2105 3249; x_wconf 82' lang='lat'>98</span> 
     </span>
     <span class='ocr_line' id='line_1_43' title="bbox 237 3267 1077 3320; baseline -0.001 -12"><span class='ocrx_word' id='word_1_361' title='bbox 237 3267 277 3309; x_wconf 83' lang='lat' dir='ltr'>ff.</span> <span class='ocrx_word' id='word_1_362' title='bbox 311 3279 428 3308; x_wconf 92' lang='lat' dir='ltr'>num.</span> <span class='ocrx_word' id='word_1_363' title='bbox 464 3270 636 3319; x_wconf 89' lang='lat' dir='ltr'>scripta,</span> <span class='ocrx_word' id='word_1_364' title='bbox 669 3279 780 3320; x_wconf 90' lang='lat' dir='ltr'>quae</span> <span class='ocrx_word' id='word_1_365' title='bbox 814 3272 1077 3320; x_wconf 85' lang='lat' dir='ltr'>sequuntur:</span> 
     </span>
    </p>
   </div>
   <div class='ocr_carea' id='block_1_16' title="bbox 1139 3416 1202 3449">
    <p class='ocr_par' dir='ltr' id='par_1_16' title="bbox 1139 3416 1202 3449">
     <span class='ocr_line' id='line_1_44' title="bbox 1139 3416 1202 3449; baseline 0 0"><span class='ocrx_word' id='word_1_366' title='bbox 1139 3416 1202 3449; x_wconf 89' lang='grc'>139</span> 
     </span>
    </p>
   </div>
  </div>
 </body>
</html>
