2476 3782
1302 310 1358 350 89

534 448 560 488 f.
594 445 865 488 248³-250b
892 448 1135 500 (Bernardi
1166 448 1577 500 claraevallensis)
1608 448 1849 489 Tractatus
1881 448 1937 489 de
1964 445 2259 488 conscientia.

385 505 590 604 ἑξηῖηὲιῒιὲ
622 507 778 603 ὴὲξῃὲιὲ
798 517 884 598 ilua
916 507 1189 546 habitamus«
1217 508 1258 543 ><
1286 505 1438 547 »Unde
1471 518 1676 558 rogemus
1709 506 1839 546 deum
1873 510 1919 545 ut
1950 508 2043 557 ipse
2077 505 2262 546 stabiliat

535 644 560 685 f.
595 643 865 686 2512—2652
891 641 938 684 B.
971 643 1200 685 Johannis
1233 644 1560 696 chrysostomi
1592 644 1842 685 Sermones
1875 644 1988 684 duo:
2038 643 2071 684 1.
2107 643 2159 683 de
2192 653 2263 684 su-

391 705 700 754 prascriptione
734 702 887 753 psalmi
920 701 988 749 50,
1021 702 1059 742 2.
1094 705 1135 742 in
1168 703 1386 754 psalmum
1418 701 1485 742 50.

535 771 561 812 f
595 766 867 811 265b—267b
910 771 1104 823 (Alberti
1148 768 1324 823 Magni)
1366 770 1620 812 Paradisus
1667 771 1850 812 animae
1892 773 1935 820 (»
1917 771 2020 810 »sed
2063 782 2152 810 non
2196 773 2264 810 est

386 830 648 881 completus,
681 832 782 882 quia
812 830 909 869 alibi
941 830 1083 869 habeo
1116 830 1330 869 eundem«
1365 853 1422 857 —
1453 829 1572 869 addit
1603 830 1776 879 scriba).

536 898 562 939 f.
597 898 868 938 26821—272a
896 893 1110 950 Origenis
1142 894 1345 938 Homilia
1379 897 1449 939 »In
1481 898 1550 938 illo
1596 901 1788 950 tempore
1830 897 1968 938 Maria
2013 897 2158 938 stabat
2203 896 2259 937 ad

391 960 764 996 monumentum«

536 1025 562 1066 f.
596 1022 868 1066 272b—274b
895 1025 938 1067 S.
970 1025 1247 1078 Hieronymi
1277 1025 1487 1077 Epistola
1518 1025 1575 1065 ad
1605 1024 1868 1066 Paulinum.

538 1120 740 1168 Operculis
773 1122 944 1168 adligata
975 1126 1067 1158 sunt
1098 1123 1176 1157 duo
1209 1121 1277 1158 fol.
1311 1121 1470 1157 membr.
1504 1121 1710 1156 cuiusdam
1761 1121 1848 1157 cod.
1896 1130 1968 1156 ms.
2018 1131 2122 1173 saec.
2155 1118 2259 1155 XIV.

391 1178 453 1214 Ad
486 1179 631 1215 calcem
662 1179 771 1222 infer.
805 1180 964 1226 legitur:
1016 1179 1208 1225 »Explicit
1240 1189 1339 1226 opus
1370 1189 1578 1225 ymnorum
1610 1182 1647 1214 et
1678 1180 2015 1225 sequenciarum.«
2078 1176 2137 1214 Ex
2168 1177 2261 1214 bibl.

392 1236 677 1283 Rosenbergiea
709 1238 835 1273 codex
864 1238 1041 1284 pervenit
1071 1238 1111 1273 in
1143 1241 1310 1273 monast.
1345 1235 1606 1281 Tiebonense,
1639 1236 1729 1272 inde
1760 1237 1810 1272 ad
1842 1246 1927 1272 nos.

532 1381 603 1437 89
1202 1384 1241 1434 I.
1280 1384 1339 1432 Β.
1376 1383 1457 1432 33.

387 1489 538 1530 chart.
572 1501 614 1530 a.
647 1485 936 1530 1377—1384
951 1489 1014 1542 ff
1046 1490 1133 1530 255
1161 1500 1302 1538 num„
1333 1488 1519 1529 29><21
1553 1500 1636 1530 cm,
1672 1486 1713 1529 1‘.
1746 1501 1805 1528 m.

391 1569 594 1611 Conradi
625 1570 681 1611 de
711 1571 1030 1611 Waldhausen
1062 1570 1413 1667 (Walghauser)
1443 1570 1653 1680 )Postilla
1703 1570 2012 1623 (studentium
2059 1562 2263 1611 univers.

1230 1638 1441 1678 ragensls
1469 1662 1474 1668 .

538 1710 563 1750 f.
603 1711 645 1749 1a
675 1710 906 1749 »dominus
938 1714 1099 1758 noster,
1132 1714 1179 1750 ut
1200 1711 1447 1761 intelligant,
1481 1710 1582 1762 quia
1612 1713 1707 1762 ipse
1726 1713 1781 1750 sit
1798 1710 1920 1749 solus
1939 1709 2169 1749 dominus«
2195 1742 2202 1748 .

393 1767 419 1807 f.
459 1768 559 1807 118³
590 1768 799 1819 »Explicit
830 1771 966 1819 prima
998 1779 1098 1819 pars
1132 1769 1299 1819 postille
1332 1780 1408 1819 per
1439 1779 1597 1807 manus
1630 1768 1792 1817 (scriba
1823 1779 1912 1807 non
1944 1768 2135 1814 notatur)
2181 1765 2265 1806 sub

387 1837 510 1865 *anno
543 1826 582 1865 d.
619 1825 767 1866 1384«
803 1825 829 1865 f.
869 1823 969 1865 118b
1003 1825 1118 1865 »Sub
1151 1837 1267 1865 anno
1301 1826 1339 1865 d.
1378 1824 1513 1865 1377«
1549 1828 1702 1874 (manu
1733 1826 1815 1865 alia
1846 1825 2074 1873 additum).
2108 1823 2135 1864 f.
2165 1823 2265 1864 119²

400 1884 570 1934 »Incipit
601 1884 797 1923 secunda
829 1895 929 1934 pars
962 1884 1129 1934 postille
1163 1884 1215 1923 de
1248 1887 1550 1923 resureecione
1583 1884 1783 1923 domini«
1831 1883 1857 1923 s.
1898 1882 1977 1922 149
2019 1885 2062 1922 et
2097 1881 2178 1921 150
2207 1882 2265 1921 la-

388 1953 519 1988 cuna,
554 1953 683 1992 quam
717 1942 798 1980 alia
830 1953 987 1980 manus
1030 1953 1144 1981 saec.
1187 1941 1267 1980 XV
1308 1942 1535 1992 supplevit.
1597 1942 1623 1981 f.
1668 1939 1774 1981 256b
1805 1941 2024 1992 »Explicit
2068 1939 2264 1989 (Rubr.:)

389 1999 482 2050 -day
513 1999 843 2038 illuminatoroui
874 2000 902 2038 h
928 2034 933 2038 .
960 2031 966 2037 .
994 2031 1000 2037 .
1028 2033 1033 2038 .
1068 2000 1182 2038 nebo
1215 1999 1378 2038 siskv.«

539 2094 639 2140 (Fol.
673 2095 808 2129 eodem
839 2094 977 2129 ultimo
1010 2094 1086 2129 alia
1117 2105 1256 2129 manus
1289 2105 1391 2130 saec.
1424 2093 1499 2129 XV
1530 2093 1717 2139 addiditz)
1783 2093 1884 2129 »Iste
1915 2092 2013 2129 liber
2042 2091 2263 2129 intitulatur

395 2152 569 2197 magistri
602 2151 772 2187 Conradi
804 2153 973 2187 condam
1004 2152 1160 2197 plebani
1193 2152 1354 2188 ecclesie
1401 2151 1440 2188 S.
1473 2151 1595 2187 Marie
1626 2154 1666 2187 in
1698 2151 1791 2187 Leta
1823 2150 1954 2195 Curia,
2001 2150 2074 2186 viri
2119 2148 2263 2186 illumi-

397 2209 490 2254 nati,
523 2210 703 2245 zelatoris
733 2210 823 2245 fidei
854 2210 1056 2254 catholice,
1105 2211 1170 2255 qui
1212 2211 1318 2245 hune
1365 2209 1521 2255 collegit
1552 2210 1598 2245 cle
1645 2211 1853 2245 autenticis
1899 2208 2010 2244 libris
2057 2209 2261 2243 doctorum

397 2271 661 2303 sanctorum«
698 2267 900 2313 (Sequitur
930 2269 1041 2303 te'rtia
1072 2277 1212 2303 manus
1246 2267 1383 2303 Crucis
1415 2268 1462 2303 de
1493 2267 1627 2303 Telcz:
1676 2267 1823 2303 »Istum
1855 2267 1897 2303 fr.
1933 2265 2038 2301 Crux
2070 2265 2117 2301 de
2148 2264 2262 2300 Telcz

390 2325 523 2360 attulit
554 2335 686 2360 secum
719 2327 768 2361 ad
800 2326 1078 2361 monasterium
1109 2325 1379 2361 Trzebonense
1411 2335 1515 2360 anno
1553 2325 1674 2361 1478.
1708 2324 1830 2371 Quem
1856 2324 1930 2360 emi
1961 2326 2001 2360 in
2033 2322 2152 2359 scolis
2184 2332 2265 2358 ree—

395 2387 456 2418 tor
501 2384 671 2418 existens
719 2394 741 2418 a
786 2383 964 2419 Johanne
995 2383 1220 2429 presbytero
1254 2384 1300 2419 de
1331 2383 1548 2419 Manietina
1589 2387 1625 2418 et
1655 2382 1827 2429 persolvi
1860 2382 2016 2428 propria
2052 2381 2258 2427 pecunias

535 2529 606 2582 90
1200 2531 1239 2578 I.
1277 2531 1334 2578 B.
1372 2530 1452 2579 34.

391 2634 539 2674 chart.
570 2646 686 2674 saec.
718 2633 1053 2688 XIV—XVff.
1084 2635 1169 2675 307
1202 2647 1339 2683 mam„
1370 2636 1488 2676 29><
1504 2636 1557 2675 21
1591 2647 1674 2676 cm.
1706 2635 1747 2675 d.
1782 2647 1841 2675 m.

494 2725 624 2766 Petri
654 2726 900 2767 Lombardi
931 2727 1276 2768 Sententiarum
1306 2728 1422 2768 liber
1451 2727 1481 2767 1.
1516 2727 1561 2768 et
1591 2727 1640 2767 11.
1675 2739 1781 2768 cum
1812 2725 2157 2768 commentario.

541 2795 566 2835 f.
606 2796 638 2835 l.
673 2808 861 2836 vacuum
894 2801 1222 2844 commentator,
1257 2801 1327 2849 qui
1361 2800 1489 2837 etiam
1521 2801 1649 2837 notas
1692 2797 1869 2837 interlin.
1904 2800 1946 2836 et
1976 2798 2154 2847 margin.
2188 2796 2263 2836 ad-

398 2853 503 2892 didit
534 2854 638 2893 libro
670 2857 758 2903 toti,
791 2858 906 2894 notis
939 2858 1031 2894 suis
1064 2856 1264 2906 implevit.
1298 2855 1402 2895 Item
1435 2859 1528 2895 eius
1561 2859 1690 2895 notae
1722 2857 1999 2894 inveniuntur
2043 2856 2086 2893 in
2143 2865 2264 2906 oper-

392 2912 494 2950 culo
528 2915 746 2962 superiori.

542 2980 568 3019 f.
603 2981 627 3019 2
661 2983 782 3029 (rubr.
798 2986 826 3029 1)
864 2981 1091 3034 »Sequitur
1122 2983 1328 3033 prologus
1360 2985 1402 3021 in
1444 2982 1530 3022 fine
1582 2985 1705 3033 primi
1737 2982 1839 3021 libri.
1903 2982 2052 3032 Incipit
2099 2983 2263 3032 primus

398 3038 502 3076 liber
534 3041 877 3078 sentenciarum«
914 3042 1111 3088 (atram.:)
1159 3038 1348 3079 »Veteris
1392 3051 1442 3079 ac
1485 3051 1598 3079 nove
1640 3040 1772 3091 legis«
1807 3039 1851 3076 ><
1882 3038 1908 3078 f.
1942 3036 2049 3078 307¹>
2080 3039 2264 3091 »quibus

393 3098 685 3135 contriciones
718 3097 907 3136 hominis
940 3098 1165 3148 alligantur
1195 3109 1246 3136 ac
1278 3098 1443 3136 wlnera
1473 3100 1752 3148 peccatorum
1784 3100 2013 3136 curantur«
2049 3101 2127 3136 etc.

542 3166 585 3202 In
618 3178 744 3213 opere.
777 3168 886 3204 infer.
919 3169 1014 3204 haec
1047 3174 1141 3205 nota
1172 3180 1274 3206 saec.
1316 3168 1390 3204 XV
1422 3170 1610 3204 occurrit:
1661 3168 1761 3204 »Iste
1794 3168 1890 3204 liber
1936 3173 1993 3204 est
2039 3168 2264 3204 monasterii

397 3223 699 3260 Borowanensis
732 3226 829 3261 alias
861 3226 1006 3262 fforbos
1039 3227 1147 3272 Prag.
1182 3227 1405 3273 dyocesis«
1440 3226 1588 3262 Deinde
1620 3227 1745 3262 codex
1787 3230 1866 3261 erat
1908 3226 2001 3263 bibl.
2049 3225 2264 3296 Rosenber-

391 3282 519 3327 gicae,
552 3293 599 3317 ex
631 3294 707 3328 qua
740 3288 906 3320 monast.
939 3283 1205 3320 Borovanensi
1237 3286 1437 3320 restitutus
1469 3285 1518 3320 ad
1550 3294 1622 3319 nos
1653 3285 1837 3330 pervenit.

1311 3430 1353 3461 28
