2476 3782
432 1195 568 1269 Cum
600 1239 635 1268 c.
660 1238 690 1267 r.
714 1227 998 1267 bibliothecae
1030 1227 1226 1279 publicae
1247 1230 1377 1278 atque
1401 1229 1693 1267 universitatis
1716 1226 1947 1278 Pragensis
1969 1227 2160 1276 historia,

291 1301 418 1340 euius
467 1301 605 1351 prima
649 1299 792 1349 capita
836 1296 892 1336 ad
939 1297 1070 1336 libros
1117 1307 1251 1336 manu
1298 1299 1484 1348 scriptos
1532 1300 1743 1348 spectant,
1789 1299 1874 1337 iam
1922 1300 2028 1337 satis
2073 1299 2163 1338 illu-

294 1371 429 1409 strata
460 1371 516 1408 sit
545 1369 739 1419 inprimis
772 1369 867 1406 trito
899 1377 1029 1418 opere
1061 1363 1402 1418 Hanslikiano,¹)
1447 1365 1503 1405 ad
1536 1366 1892 1417 cognoscendam
1940 1370 2161 1419 originem,

293 1440 572 1486 incrementa,
611 1439 886 1488 praesentem
929 1440 1090 1476 statum
1133 1436 1334 1476 codicum
1376 1436 1461 1475 hoc
1502 1436 1701 1487 catalogo
1743 1436 2058 1488 descriptorum
2091 1450 2163 1478 su-

294 1511 450 1560 perest,
496 1510 544 1547 ut
575 1508 717 1558 capita
756 1506 826 1545 illa
856 1509 984 1546 novis
1030 1506 1434 1557 investigationibus
1481 1508 1747 1557 corrigantur
1786 1510 1828 1546 et
1868 1508 2160 1558 suppleantur.

293 1575 568 1630 Quapropter
597 1575 796 1626 catalogo
827 1578 1077 1629 nostrorum
1109 1575 1310 1615 codicum
1353 1576 1596 1623 latinorum,
1639 1579 1788 1626 utpote
1821 1587 2005 1627 quorum
2038 1581 2164 1629 copia

293 1647 421 1700 longe
452 1650 645 1687 maxima
676 1650 743 1693 sit,
787 1647 1071 1697 praemittitur
1100 1645 1210 1685 haec
1256 1644 1478 1696 praefatio,
1521 1656 1608 1696 qua
1648 1649 1750 1697 post
1794 1649 2162 1697 computationem

293 1716 500 1757 librorum
530 1719 716 1768 primum
749 1716 986 1756 disseretur
1027 1715 1081 1754 de
1123 1715 1392 1766 singularum
1433 1715 1802 1763 bibliothecarum,
1846 1726 1868 1754 e
1901 1716 2059 1767 quibus
2091 1728 2163 1757 co-

295 1785 416 1826 dices
446 1788 584 1827 nostri
616 1789 921 1838 provenerunt,
955 1785 1067 1833 fatis,
1101 1785 1258 1825 deinde
1281 1784 1335 1824 de
1357 1785 1667 1824 vetustioribus
1690 1785 1929 1825 eorundem
1961 1786 2162 1826 codicum

294 1855 517 1908 catalogis,
565 1858 788 1907 postremo
821 1855 875 1894 de
908 1857 1040 1894 totius
1086 1856 1230 1906 operis
1262 1857 1440 1902 ratione,
1489 1854 1712 1901 subsidiis,
1759 1854 2034 1895 adiumentis.
2098 1855 2162 1896 De

294 1926 620 1977 computatione
651 1925 760 1965 haec
793 1924 1119 1976 praemonenda
1151 1935 1252 1963 esse
1294 1934 1469 1963 censeo.
1533 1922 1645 1964 Cum
1687 1923 1976 1965 describendo
2007 1925 2162 1966 latinos

294 1998 461 2034 tantum
509 1995 686 2034 codices
733 1997 1095 2046 pertractaverim,
1142 1994 1240 2033 licet
1286 2004 1436 2033 eorum
1484 1996 1610 2045 copia
1656 1996 1847 2033 maxima
1894 1996 1960 2042 sit,
2017 1998 2163 2035 tamen

294 2067 461 2116 partem
507 2067 804 2115 perscrutatus
838 2064 891 2103 de
924 2067 1014 2103 toto
1062 2063 1328 2115 exploratam
1378 2065 1637 2103 sententiam
1683 2063 1792 2103 ferre
1838 2074 2016 2111 recuso;
2064 2064 2163 2104 ideo

295 2143 582 2186 quaecunque
614 2133 871 2174 rationando
902 2135 1095 2173 numeris
1127 2134 1338 2184 expressi,
1372 2144 1425 2172 ea
1455 2134 1518 2172 sic
1549 2133 1676 2172 velim
1709 2135 1893 2184 accipiat
1923 2134 2163 2174 benevolus

293 2202 439 2252 lector,
486 2215 542 2244 ne
573 2206 702 2243 nimis
743 2214 953 2243 numeros
998 2206 1178 2254 premat,
1221 2204 1380 2254 quippe
1428 2205 1500 2255 qui
1531 2204 1614 2242 nisi
1661 2206 1750 2242 tota
1779 2203 1983 2243 librorum
2030 2215 2163 2244 manu

295 2274 555 2325 scriptorum
586 2273 871 2313 bibliothecae
913 2270 1210 2313 Clementinae
1252 2275 1379 2324 copia
1424 2275 1672 2312 examinata
1711 2275 1900 2312 accurati
1942 2284 2043 2313 esse
2074 2285 2163 2314 non

294 2344 477 2394 possint.

433 2422 601 2463 Omnes
633 2424 810 2464 codices
841 2426 977 2463 nostri
1024 2435 1113 2463 non
1145 2426 1204 2463 ita
1244 2423 1410 2475 pridem
1451 2426 1494 2464 in
1536 2434 1732 2471 musaeo,
1782 2424 1899 2476 quod
1932 2425 2032 2464 olim
2074 2436 2163 2465 ma-

294 2492 890 2534 thematico-astronomicum
938 2494 1103 2546 collegii
1155 2492 1199 2534 S.
1247 2493 1283 2534 J.
1336 2492 1592 2535 Clementini
1650 2493 1884 2542 dicebatur,
1931 2495 2163 2535 commode

294 2566 425 2615 atque
454 2563 587 2603 nitide
634 2564 902 2615 prostabant.
959 2562 1048 2604 Sed
1096 2566 1197 2615 quia
1242 2564 1366 2604 locus
1421 2564 1487 2603 ille
1534 2573 1667 2614 supra
1712 2564 1899 2603 culinam
1946 2567 2163 2604 seminarii

294 2632 675 2684 archiepiscopalis
708 2635 819 2673 situs
851 2643 1004 2684 parum
1037 2636 1155 2672 tutus
1186 2633 1427 2682 videbatur,
1476 2643 1576 2672 cum
1609 2643 1664 2672 ex
1695 2635 1837 2672 vicina
1868 2637 1986 2684 parte
2031 2637 2164 2674 semi-

451 2757 482 2812 ¹)
513 2759 598 2799 JOS.
630 2762 678 2801 A.
701 2762 880 2807 Hanslik,
913 2762 1144 2799 Gesehichte
1176 2765 1257 2800 und
1288 2762 1581 2808 Beschreibung
1611 2763 1680 2798 der
1709 2761 1850 2809 Prager
1879 2763 2163 2800 Universitats-

294 2818 524 2866 bibliothek‚
556 2819 656 2867 Prag
691 2820 813 2858 1851.
846 2819 904 2856 Ex
934 2821 1129 2867 prioribus
1160 2821 1283 2866 libris,
1315 2820 1381 2868 qui
1404 2823 1471 2856 aut
1493 2824 1615 2856 totam
1640 2821 1915 2857 bibliothecam
1946 2826 2014 2857 aut
2033 2826 2162 2868 partes

293 2878 378 2915 eius
410 2882 664 2926 concernunt,
695 2878 769 2915 hos
802 2889 1095 2915 commemoro:
1138 2878 1179 2917 L.
1212 2878 1244 2915 J.
1279 2877 1554 2922 Scherschnik,
1595 2870 1700 2915 Uber
1745 2879 1820 2913 den
1852 2878 2052 2925 Ursprung
2082 2880 2163 2915 und

294 2936 354 2973 die
384 2935 606 2972 Aufnahme
637 2937 705 2972 der
732 2936 955 2974 Bibliothek
986 2947 1048 2973 am
1071 2936 1424 2973 Clementinischen
1457 2935 1674 2982 Collegium
1706 2936 1746 2972 in
1774 2935 1883 2983 Prag,
1916 2936 2164 2984 Prag17753

293 2990 337 3031 B.
369 2993 523 3030 Balbini
556 2993 744 3031 Bohemia
775 2996 892 3031 docta
923 2996 983 3032 ed.
1014 2994 1158 3042 Ungar,
1190 2994 1255 3031 III.
1287 2993 1462 3042 (1780);
1507 2993 1555 3030 K.
1587 2994 1628 3033 R.
1661 2993 1804 3040 Ungar,
1853 2993 2028 3030 Versuch
2060 2995 2165 3031 einer

296 3049 527 3089 Geschichte
558 3054 626 3088 der
654 3050 926 3090 Bibliotheken
956 3052 996 3088 in
1028 3053 1217 3099 Bohmen‚
1246 3052 1343 3099 Prag
1378 3050 1509 3096 1785;
1555 3051 1602 3088 A.
1636 3051 1763 3098 Spirk,
1811 3051 2042 3088 Geschichte
2083 3054 2163 3089 und

294 3107 586 3157 Beschreibung
609 3111 678 3146 der
702 3111 740 3148 k.
762 3111 802 3149 k.
819 3110 1319 3147 Universitats-Bibliothek
1339 3120 1387 3146 zu
1409 3109 1518 3155 Prag,
1536 3109 1654 3145 Wien
1680 3109 1811 3155 1844;
1843 3120 1862 3145 e
1884 3111 2163 3156 posterioribus

297 3168 658 3205 commentariolum
704 3179 855 3207 meum:
897 3167 1055 3205 Pfehled.
1102 3167 1206 3215 dejin
1253 3166 1498 3213 bibliothe'ky
1537 3166 1842 3212 Klementinske,
1875 3164 2020 3204 Osveta
2056 3168 2161 3205 1882

295 3234 333 3270 p.
367 3224 607 3272 656—663,
641 3227 880 3272 696—708,
913 3226 1154 3264 813—825.
