2476 3782
371 271 445 304 xvi

367 421 541 450 summo
589 421 718 461 opere
759 404 1088 460 expetiverat,³⁰)
1134 409 1376 458 nuperrime
1423 411 1565 448 autem
1609 409 1673 448 vir
1714 410 1982 449 clarissimus
2014 409 2096 449 Jar.
2129 408 2226 450 Gon

367 482 607 531 impensius
654 473 936 530 exoptavitffl),
984 481 1031 516 ut
1061 487 1212 516 omnes
1242 476 1417 516 codices
1464 479 1707 517 accuratius
1754 477 2109 525 describerentur,
2157 490 2226 518 se·

366 549 558 589 cundum
592 551 796 588 eventum
839 550 1064 597 propterea
1106 548 1381 597 potissimum
1414 546 1486 586 diu
1517 558 1606 587 non
1637 547 1798 594 habuit,
1842 547 1958 598 quod
1990 547 2046 586 ad
2078 547 2226 588 ultima

365 629 506 670 usque
538 621 733 668 tempora
764 615 1021 654 bibliotheca
1051 617 1200 654 nostra
1231 614 1478 655 officialium
1510 619 1688 667 penuria
1718 616 1950 656 laborabat.
1986 615 2114 667 Quod
2146 618 2227 655 im·

366 687 662 738 pedimentum
696 696 794 724 cum
828 683 1002 723 tandem
1035 683 1290 723 doctissimo
1323 682 1440 725 Rich.
1474 683 1658 735 Kukula‚
1690 687 1763 737 qui
1795 685 2076 725 bibliothecae
2108 696 2224 726 nunc

366 759 548 807 praeest,
591 756 876 805 prospiciente
908 756 950 792 et
979 763 1015 794 c.
1048 764 1078 792 r.
1112 754 1348 792 ministerio
1378 753 1631 793 eruditionis
1673 754 1868 805 publicae
1911 757 2133 805 suppetias
2165 753 2226 794 fe·

365 829 482 864 rente
514 827 733 875 utcunque
765 825 1015 873 superatum
1049 824 1179 868 esset,
1221 821 1321 861 huic
1353 832 1512 873 magno
1544 826 1586 862 et
1616 824 1780 863 tamdiu
1821 823 2065 863 desiderato
2108 826 2226 876 operi

365 895 533 934 licentia
577 892 754 932 obtenta
784 903 822 931 a.
860 890 965 931 1897
999 894 1135 930 totum
1183 901 1251 930 me
1298 890 1464 931 tradidi.
1514 891 1688 932 Innisus
1719 892 1786 941 115,
1833 903 1943 945 quae
1985 893 2061 932 viri
2094 904 2227 944 supra

366 962 523 1002 laudati
570 963 940 1012 praeparaverant,
988 963 1030 999 et
1060 959 1194 999 fretus
1240 959 1515 1009 adminiculo,
1562 959 1679 1011 quod
1720 961 1850 1001 huius
1891 964 1949 1001 rei
1981 964 2226 1013 peritissimi

364 1034 566 1071 auctores
600 1025 1000 1082 suppeditabant,32)
1033 1031 1134 1080 post
1163 1028 1353 1068 laborem
1386 1032 1552 1080 septem
1589 1040 1803 1071 annorum
1834 1031 1949 1071 hunc
1981 1032 2224 1083 catalogum

365 1099 565 1139 codicum
599 1100 826 1139 latinorum
859 1099 1143 1138 bibliothecae
1176 1096 1469 1138 Clementinae
1503 1097 1685 1138 confeci.

503 1443 567 1483 De
600 1446 730 1483 totius
762 1446 904 1495 operis
936 1446 1099 1483 ratione
1131 1444 1239 1483 haec
1276 1444 1459 1484 breviter
1489 1447 1592 1483 sunt
1622 1444 1957 1495 praemonenda.
2012 1443 2058 1485 In
2090 1444 2227 1489 fronte

365 1514 708 1564 uniuscuiusque
743 1512 1049 1564 descriptionis
1082 1512 1255 1563 ponitur
1272 1514 1505 1563 signatura,
1539 1523 1650 1564 quae
1683 1511 1810 1551 hodie
1841 1503 1966 1560 valet,
1999 1524 2129 1565 quam
2162 1525 2228 1555 se-

364 1583 505 1632 quitur
535 1581 706 1620 uncinis
738 1581 908 1621 inclusa
940 1581 1164 1632 signatura
1194 1584 1322 1620 vetus
1354 1591 1504 1620 eorum
1538 1581 1751 1628 codicum,
1785 1584 1856 1632 qui
1887 1593 1942 1622 ex
1973 1582 2230 1624 bibliotheca

363 1648 408 1689 S.
440 1649 473 1689 J.
509 1648 784 1690 Clementina
813 1654 855 1689 et
894 1650 992 1690 ideo
1035 1653 1269 1689 maximam
1320 1653 1484 1701 partem
1518 1661 1540 1688 e
1573 1652 1762 1701 pristinis
1807 1653 2096 1691 universitatis
2143 1653 2228 1692 col-

363 1720 485 1770 legiis
533 1723 838 1770 provenerunt.
899 1718 1154 1770 Signaturas
1186 1731 1212 1758 a
1254 1721 1428 1758 sinistra
1469 1719 1735 1771 praecedunt
1779 1720 2068 1760 crassioribus
2113 1723 2228 1772 typis

508 1831 561 1884 30)
592 1836 634 1874 L.
668 1848 701 1874 c,
741 1836 840 1873 148:
893 1836 1018 1872 ›Dass
1066 1837 1186 1872 daher
1231 1837 1316 1872 eine
1363 1836 1588 1882 grundliche
1619 1837 1801 1873 Revision
1832 1838 1900 1873 der
1928 1837 2229 1874 Handschriften

363 1896 443 1931 und
475 1897 559 1930 eine
591 1895 878 1940 berichtigende
908 1894 1191 1940 Umarbeitung
1219 1894 1321 1930 ihres
1343 1894 1532 1940 Katalogs
1564 1895 1787 1945 dringende,
1819 1895 2114 1932 unabweisbare
2136 1894 2229 1933 Not-

362 1952 598 1998 wendigkeit
629 1954 693 1998 ist,
726 1952 822 1988 wird
851 1952 957 1988 wohl
988 1951 1178 1989 Niemand
1209 1954 1249 1988 in
1281 1951 1436 1988 Zweifel
1466 1953 1640 1989 ziehen.«

506 2015 559 2067 31)
590 2021 833 2057 Athenaeum
870 2021 976 2057 1886
1007 2032 1044 2067 p.
1084 2021 1174 2058 181.

506 2084 558 2139 32)
591 2089 758 2136 Magnae
790 2091 946 2126 utilitati
977 2091 1069 2126 mihi
1102 2091 1255 2126 fuerunt
1285 2090 1325 2126 hi
1356 2090 1545 2136 catalogi:
1577 2090 1756 2136 Bandini,
1787 2090 1887 2137 Ang.
1910 2090 1978 2137 M.‚
2013 2090 2227 2138 Catalogus

364 2150 545 2186 codicum
576 2148 790 2184 latinorum
835 2148 1092 2184 bibliothecae
1124 2147 1322 2184 Mediceae
1354 2147 1648 2188 Laurentianae.
1698 2148 1807 2185 Tom.
1839 2147 1962 2185 I———V.
2010 2148 2226 2188 Florentiae

510 2263 723 2309 Catalogus
771 2263 948 2298 codicum
982 2262 1191 2299 latinorum
1230 2263 1487 2299 bibliothecae
1518 2263 1644 2309 regiae
1675 2262 1938 2301 Monacensis
1985 2263 2093 2300 Tom.
2125 2263 2155 2308 1,
2180 2275 2224 2312 p.

369 2321 500 2365 1-3;
536 2320 580 2365 II,
614 2331 649 2367 p.
690 2321 809 2358 1-4,
841 2319 1041 2356 Monachii
1078 2320 1370 2358 1868—1881.

509 2377 672 2425 czerny,
706 2379 810 2424 Alb„
842 2377 911 2414 Die
942 2377 1244 2414 Handschriften
1266 2379 1334 2414 der
1354 2377 1683 2414 Stiftsbibliothek
1705 2377 1759 2414 St.
1781 2377 1948 2415 Florian.
1981 2378 2077 2416 Linz
2104 2379 2224 2416 1871.

507 2434 651 2480 Dudik,
684 2435 748 2472 Dr.
780 2435 840 2479 Β.,
870 2434 945 2471 Iter
974 2435 1204 2472 Romanum.
1235 2435 1263 2472 Ι.
1296 2447 1333 2473 u.
1366 2435 1412 2474 II.
1444 2435 1512 2473 Th.
1545 2434 1664 2471 Wien
1699 2435 1820 2473 1855.

512 2491 654 2538 Dudik‚
686 2493 751 2529 Dr.
783 2492 843 2538 Β.,
872 2493 1171 2530 Handschriften
1213 2494 1281 2529 der
1310 2492 1434 2531 fiirstl.
1477 2493 1870 2529 Dietrichsteinschen
1913 2493 2135 2531 Bibliothek
2177 2504 2226 2534 zu

365 2551 620 2597 Nikolsburg.
652 2549 771 2586 Wien
810 2550 928 2588 1868.

508 2608 625 2654 Hiibl,
667 2608 731 2646 Dr.
764 2607 868 2652 Alb,
915 2608 1128 2654 Catalogus
1175 2608 1354 2643 codicum
1399 2618 1517 2644 manu
1549 2608 1792 2654 scriptorum,
1824 2610 1890 2655 qui
1920 2609 1960 2644 in
1992 2608 2226 2647 bibliotheca

365 2667 590 2702 monasterii
622 2667 670 2702 ad
703 2665 843 2701 Scotos
874 2666 1134 2702 Vindobonae
1166 2669 1380 2702 servantur.
1413 2665 1673 2701 Vindobonae
1704 2669 1740 2701 et
1770 2665 1922 2712 Lipsiae
1959 2666 2078 2704 1899.

509 2722 640 2768 Meier‚
674 2722 786 2768 Gab.‚
820 2722 1032 2769 Catalogus
1064 2724 1244 2759 codicum
1276 2733 1393 2758 manu
1425 2723 1668 2770 scriptorum,
1711 2725 1777 2769 qui
1807 2724 1846 2759 in
1878 2724 2113 2760 bibliotheca
2143 2735 2223 2761 mo-

366 2781 524 2818 nasterii
555 2780 791 2817 Einsidlensi
825 2785 1042 2817 servantur.
1075 2780 1171 2816 Tom
1201 2780 1228 2816 Ι.
1263 2780 1459 2816 Einsidlae
1491 2785 1528 2816 et
1557 2780 1710 2827 Lipsiae
1748 2780 1867 2818 1899.

510 2838 669 2885 Senum,
702 2838 765 2876 Dr.
799 2838 936 2883 Wilh.,
967 2838 1296 2874 Beschreibendes
1320 2834 1593 2875 Verzeichniss
1615 2839 1682 2874 der
1701 2838 2073 2885 Amplonianischen
2094 2838 2225 2875 Hand-

367 2895 810 2941 schriften-Sammlung
838 2896 878 2932 in
909 2895 1048 2933 Erfurt.
1080 2895 1209 2931 Berlin
1245 2895 1364 2932 1887.

511 2953 683 2989 Tabulae
725 2954 903 2990 codicum
949 2964 1068 2989 manu
1114 2954 1343 2999 scriptorum
1374 2954 1414 2988 in
1446 2953 1680 2989 bibliotheca
1724 2953 1897 2999 palatina
1926 2953 2224 2989 Vindobonensi

369 3014 673 3050 asservatorum.
705 3011 794 3048 Vol.
833 3011 954 3050 1—-8,
984 3011 1243 3047 Vindobonae
1280 3010 1571 3048 1864—1893.

511 3067 723 3115 Wislocki‚
770 3069 834 3106 Dr.
867 3068 1016 3113 Wrad„
1064 3067 1277 3114 Catalogus
1324 3069 1504 3104 codicum
1545 3078 1663 3103 manu
1694 3067 1925 3114 scriptorum
1966 3068 2223 3105 bibliothecae

364 3127 632 3162 universitatis
664 3126 940 3172 Jagellonicae.
974 3126 1188 3162 Cracoviae
1224 3126 1518 3162 1877—1881.

509 3182 636 3220 Xenia
683 3183 933 3220 Bernardina.
980 3183 1071 3219 Pars
1102 3183 1146 3220 II.
1196 3182 1822 3220 Handschriften-Verzeichnisse.
1875 3184 1890 3218 1
1927 3187 1963 3219 et
1997 3184 2031 3221 2.
2075 3183 2223 3220 Vindo—

365 3243 492 3278 bonae
534 3242 654 3278 1891.
