2476 3782
1100 279 1185 320 508

349 417 460 471 506
843 418 939 468 III.
978 418 1030 466 F.
1068 419 1115 466 3.
1148 429 1207 468 (Y.
1234 428 1260 461 J.
1289 430 1319 461 1.
1345 439 1381 464 n.
1408 430 1480 470 69.)
1533 376 1537 379 >

210 511 355 552 chart.
389 523 467 552 cca
500 523 543 551 α.
575 511 691 552 1442
708 510 773 564 ff
803 511 892 552 340
921 523 1061 560 num„
1091 511 1148 551 22
1169 512 1219 562 ><
1240 511 1298 551 15
1325 523 1408 551 cm.
1441 512 1483 551 d.
1506 524 1581 564 m.,
1613 523 1717 551 cum
1749 510 1841 551 init.
1867 510 2008 562 pictis.

354 590 540 634 Veteris
585 593 855 633 testamenti
903 592 1033 633 libri:
1078 592 1452 641 Proverbiorum,
1508 592 1832 639 Ecclesiastes‚
1892 591 2084 632 Cantica

210 649 357 694 Cant..
401 650 676 702 Sapientiae,
717 650 1074 691 Ecclesiasticus
1117 661 1223 690 cum
1269 650 1563 700 expositione
1596 649 1837 701 marginali
1869 655 1914 689 et
1946 649 2084 689 inter-

209 707 375 749 lineari
406 708 607 761 (Nicolai
637 707 693 748 de
724 707 877 759 Lira?)
929 719 1015 748 nec
1046 719 1142 748 non
1174 719 1280 747 cum
1318 708 1437 748 raris
1468 709 1641 759 glossis
1672 707 1944 748 bohemicis.

356 766 384 807 s.
422 768 469 807 1²²
498 768 639 815 (rubr.)
674 765 908 817 »Prologus
950 767 989 805 b.
1025 765 1241 805 Jeronimi.
1275 768 1385 814 (atr.)
1418 766 1646 806 Aureolus.
1688 766 1823 806 Istum
1857 766 2083 816 prologum

211 827 414 876 premittit
443 824 658 864 Aureolus
689 823 961 863 jeronimus«
999 825 1042 861 ><
1073 823 1099 862 f.
1133 821 1241 863 32810
1287 826 1348 862 »si
1381 827 1624 874 peccaverit
1668 826 1734 863 vir
1764 826 1806 862 in
1840 827 1891 861 te.
1927 823 2081 862 Amen.

212 881 396 922 Finitum
428 881 502 922 fer.
534 881 585 922 III
629 885 729 922 ante
761 882 1132 933 Assumpcionem
1166 882 1203 921 b.
1237 884 1414 932 virginis
1446 893 1575 921 mane
1606 894 1643 921 a.
1679 881 1718 920 d.
1758 880 1865 921 1442
1899 883 1940 919 in
1964 881 2086 920 scola

212 939 491 981 Beronensi.«

356 997 385 1038 f.
416 996 691 1037 3292—3392
730 997 866 1037 Index
911 1008 1053 1036 rerum
1100 1000 1142 1036 in
1190 997 1306 1036 libris
1357 997 1719 1048 praecedentibus
1762 999 2082 1037 occurrentium

211 1055 524 1107 alphabeticus.

360 1113 388 1153 f.
421 1111 528 1153 340b
559 1111 735 1152 Numeri
757 1113 1043 1164 capitulorum
1063 1113 1275 1152 rubricati.
1296 1113 1575 1152 proverbium
1598 1113 1773 1152 bohem.
1797 1112 2085 1164 rythmicum:

216 1169 356 1211 »Dwa
385 1170 554 1222 kokoty
584 1171 819 1222 wgednom
853 1171 1011 1210 domu«
1049 1175 1128 1210 etc.

362 1230 406 1267 In
438 1231 597 1268 membr.
645 1232 829 1278 operculo
873 1242 1001 1278 super.
1045 1232 1218 1277 adligata
1265 1235 1442 1269 notatur:
1491 1231 1726 1278 »Exposicio
1773 1231 1945 1266 doctoris
1991 1229 2087 1275 Lyre

212 1298 329 1336 super
368 1290 539 1335 quinque
581 1289 701 1325 libros
752 1289 1016 1326 Salomonis«
1083 1289 1160 1325 Sed
1192 1300 1281 1324 eum
1315 1289 1441 1325 codici
1473 1292 1621 1336 passim
1652 1291 1820 1325 insertae
1867 1290 1946 1324 sint
1977 1288 2090 1323 sche-

213 1346 328 1383 dulae
369 1347 677 1393 expositionales
718 1352 755 1383 et
796 1347 897 1394 Lyra
942 1348 1026 1393 ipse
1067 1347 1217 1393 passim
1259 1348 1408 1391 citetur,
1452 1352 1581 1393 potest
1612 1347 1796 1392 dubitari,
1831 1357 1880 1382 an
1913 1346 2088 1382 omnium

213 1404 503 1450 expositionum
544 1409 681 1441 auctor
711 1406 761 1440 sit
791 1405 905 1451 Lyra.
969 1404 1162 1452 Operculo
1205 1405 1313 1442 infer.
1357 1405 1572 1451 adligatum
1614 1410 1673 1441 est
1713 1405 1848 1450 fragm.
1882 1405 2088 1440 cuiusdam

212 1463 372 1500 membr.
405 1463 555 1499 codicis
587 1474 690 1500 saec.
722 1462 975 1508 XIII—*XIV,
1008 1465 1048 1498 in
1080 1464 1193 1499 euius
1226 1463 1348 1499 fronte
1380 1464 1454 1499 hae
1486 1468 1697 1499 occurrunt
1730 1458 1939 1498 cuiusdam
1972 1466 2087 1497 notae

214 1519 422 1566 reliquiae:
471 1532 530 1558 »a.
565 1522 602 1558 d.
641 1521 746 1556 1462
783 1551 790 1557 .
825 1551 833 1558 .
869 1550 877 1558 .
910 1526 948 1557 et
987 1522 1055 1557 illo
1106 1526 1276 1567 tempore
1318 1526 1399 1557 erat
1431 1522 1596 1558 sinodus
1629 1521 1746 1567 Frage
1778 1524 1954 1567 presente
2002 1529 2088 1565 rege

214 1577 382 1624 Georgio
414 1589 483 1625 pro
517 1579 791 1615 communione
823 1579 1027 1625 utriusque
1059 1581 1241 1625 speciei«
1279 1579 1402 1615 Vetus
1435 1580 1535 1626 sign.
1568 1579 1612 1626 B,
1645 1580 1684 1617 4.

355 1690 464 1744 5⁰7
813 1691 910 1740 III.
948 1692 1001 1740 F.
1039 1692 1085 1740 4.
1125 1702 1182 1744 (Y.
1209 1703 1236 1735 J.
1267 1704 1295 1735 ι.
1321 1713 1354 1736 n.
1381 1703 1450 1743 61.)

215 1784 359 1826 chart.
390 1796 507 1825 saec.
540 1784 703 1839 XVff
735 1785 834 1833 284,
863 1785 1101 1825 21·5><15
1128 1797 1211 1837 cm.
1245 1787 1286 1826 d.
1320 1798 1379 1826 m.

359 1864 546 1906 Veteris
591 1865 864 1906 testamenti
910 1866 1043 1906 libri:
1094 1866 1402 1916 Psalmorum,
1449 1866 1610 1916 Isaiae,
1657 1866 1840 1912 Tobiae,
1893 1876 2090 1916 quorum

214 1924 396 1976 primus
428 1924 724 1975 expositione
754 1923 996 1975 marginali
1028 1928 1073 1965 et
1103 1924 1389 1965 interlineari
1411 1936 1496 1965 nec
1518 1936 1614 1965 non
1634 1924 1810 1976 glossis
1834 1923 2090 1963 bohemicis

214 1982 473 2024 instructus
506 1986 589 2023 est.

361 2040 390 2080 f.
427 2039 651 2081 169—173
696 2043 882 2080 insertae
927 2045 1030 2080 sunt
1069 2044 1213 2080 variae
1245 2045 1374 2080 notae
1407 2041 1690 2092 theologicae,
1738 2051 1923 2091 quarum
1956 2042 2092 2090 prima

217 2100 280 2138 sic
311 2100 482 2150 incipit:
519 2098 805 2150 »Quicunque
836 2099 928 2138 vult
960 2100 1110 2138 salvus
1142 2110 1269 2138 esse«
1305 2102 1540 2150 (expositio
1573 2099 1796 2151 symboli).

361 2155 389 2196 s.
422 2155 653 2197 282-284
701 2155 896 2196 Tabulae
943 2158 1216 2208 computales
1263 2161 1304 2196 et
1349 2159 1670 2197 astronomicae
1718 2168 1819 2196 cum
1867 2155 2091 2206 Cisiojano

217 2217 261 2254 in
291 2214 392 2255 fine.

362 2273 566 2320 Operculis
614 2275 857 2320 adglutinata
904 2280 995 2310 sunt
1042 2275 1258 2321 fragmenta
1308 2276 1521 2314 membran.
1580 2276 1786 2311 cuiusdam
1833 2275 1921 2311 cod.
1974 2273 2092 2309 theol.

219 2342 323 2368 saec.
354 2331 460 2369 XIV.

359 2443 474 2498 5⁰8
804 2444 901 2494 Ill.
940 2446 992 2493 F.
1030 2447 1076 2496 5.
1118 2456 1176 2499 (Y.
1202 2457 1228 2490 Ι.
1256 2458 1286 2490 1.
1313 2467 1347 2490 n.
1371 2458 1444 2499 55.)

222 2539 367 2580 chart.
401 2549 444 2578 a.
477 2538 591 2579 1448
604 2539 667 2592 ff'.
698 2540 786 2580 203
815 2551 952 2586 num..
984 2539 1036 2579 21
1061 2541 1110 2590 ><
1130 2539 1231 2579 145
1259 2551 1342 2579 cm.
1374 2540 1403 2579 2
1433 2551 1492 2579 m.

366 2618 548 2670 Corpus
580 2620 899 2672 evangelicum
930 2631 1014 2660 seu
1047 2620 1414 2660 Concordantiae
1446 2622 1645 2670 quatuor
1685 2617 2094 2668 evangelistarum.

220 2677 335 2719 Pars
365 2677 516 2718 tertia.

365 2735 393 2775 f.
432 2735 476 2774 1²
505 2737 714 2785 (anepigr.)
750 2736 1014 2788 »Postquam
1047 2748 1073 2776 a
1104 2739 1311 2787 principio
1353 2738 1547 2787 corporis
1579 2734 1815 2785 evangelici
1847 2738 1993 2772 actum
2027 2737 2095 2772 est

222 2794 276 2834 de
317 2796 519 2844 ingressu
565 2794 793 2834 salvatoris
827 2826 834 2833 .
871 2826 879 2833 .
914 2825 923 2833 .
966 2795 1033 2834 hic
1077 2797 1161 2834 iam
1204 2797 1344 2845 agitur
1386 2794 1439 2833 de
1482 2796 1575 2832 eius
1608 2803 1815 2844 egressu«
1852 2792 1894 2828 ><
1926 2790 1952 2830 f.
1994 2788 2094 2829 172b

222 2853 462 2900 (absolvitur
491 2854 669 2900 epilogus
701 2852 891 2903 auctoris)
938 2863 1038 2903 »per
1080 2863 1209 2903 quem
1253 2856 1294 2891 et
1327 2856 1500 2902 propter
1531 2862 1661 2902 quem
1695 2852 1854 2894 omnia,
1889 2851 1960 2901 qui
1993 2851 2096 2888 vivit

223 2913 266 2950 et
295 2911 447 2960 regnat
478 2913 557 2949 etc.
590 2909 775 2960 Explicit
806 2909 1038 2961 Scriptum
1070 2921 1212 2961 super
1242 2912 1442 2960 quatuor
1476 2907 1718 2959 evangelia
1750 2938 1759 2947 .
1795 2942 1800 2947 .
1838 2939 1845 2947 .
1881 2906 1929 2946 in
1951 2918 2097 2946 unum

222 2966 514 3015 concordata,
561 2967 678 3018 quod
719 2968 774 3007 ad
806 2968 1017 3007 honorem
1052 2968 1119 3007 dei
1152 2972 1195 3007 et
1224 2970 1521 3019 proximorum
1554 2966 1794 3017 profectum
1827 2965 1996 3004 finitum
2029 2968 2097 3004 est

222 3026 296 3065 fer.
330 3024 369 3063 V
401 3027 443 3063 in
476 3025 543 3064 die
577 3025 884 3065 decollacionis
915 3025 1129 3065 Johannis
1162 3025 1284 3077 Bapt.
1317 3037 1356 3065 a.
1390 3025 1430 3064 d.
1468 3023 1617 3063 1448.«

368 3082 395 3121 s.
435 3080 702 3123 1732—1832’
719 3082 1002 3134 Genealogia
1016 3082 1204 3124 Christi.
1234 3082 1570 3133 »Genealogiarn
1593 3081 1752 3122 Christi
1776 3080 2091 3120 describendo«

225 3143 267 3178 ><
304 3143 619 3191 »transgressio
651 3140 774 3180 facta.
808 3141 862 3180 Et
893 3145 955 3181 sic
987 3146 1058 3181 est
1088 3141 1189 3181 finis
1221 3140 1379 3181 Christi
1411 3140 1663 3191 genealogie
1697 3139 1953 3190 descripte«

369 3198 395 3237 f.
435 3195 702 3239 183b—203b
724 3198 960 3238 Sermones
992 3200 1155 3251 aliquot
1185 3199 1240 3238 ad
1274 3197 1609 3238 concordantias
1642 3199 1917 3248 pertinentes,
1941 3199 1983 3235 in
2005 3195 2092 3235 fine

225 3267 380 3296 manci.

1129 3406 1191 3436 201
