2476 3782
1140 256 1218 296 143

378 391 404 432 f.
437 390 652 433 352—901’
683 391 909 434 Diversae
941 393 1064 434 vitae
1096 406 1135 434 s.
1157 394 1427 435 Wenceslai
1448 394 1715 446 (Gumpoldi‚
1738 400 1959 448 anonymi,
1994 396 2112 438 Chri-

229 451 357 490 stiani
389 451 594 491 monachi
624 473 681 478 —
711 450 764 490 cf.
799 450 960 491 Fontes
1003 463 1080 492 rer.
1114 453 1201 492 boh
1235 453 1261 493 Ι.
1296 451 1362 492 No
1394 451 1479 501 VII,
1511 452 1586 500 XI)
1618 455 1779 493 inserto
1823 465 2025 494 sermone
2058 455 2111 494 de

229 507 510 548 translatione
542 508 738 548 eiusdem
772 511 972 560 martyris
1016 521 1097 549 nec
1129 521 1216 550 non
1250 513 1382 550 variis
1413 513 1629 561 excerptis
1661 522 1684 549 e
1717 515 2012 551 monumentis
2046 512 2106 551 hi-

229 567 402 612 storicis
434 577 567 606 manu
611 568 782 617 scriptis
823 570 866 606 et
896 569 1122 618 impressis
1154 567 1271 616 (Vita
1303 571 1511 619 anonymi
1544 568 1760 619 discrepat
1790 569 1845 608 ab
1877 569 1992 609 edita
2025 570 2108 609 sub

228 634 270 662 n.
305 622 363 663 IX
393 625 435 663 in
467 621 589 663 Font.
624 635 700 664 rer.
737 623 858 672 boh.)

375 680 401 720 s.
435 678 652 722 912-9312
683 680 882 732 Willigisi
914 682 1099 734 archiep.
1135 682 1377 735 Moguntini
1410 683 1554 722 relatio
1587 694 1637 722 ac
1671 695 1907 734 processus
1931 687 1971 724 in
1995 684 2109 724 facto

226 737 447 779 homicidii
479 738 637 779 fortuiti
668 751 706 779 a.
740 738 826 779 976
857 741 1160 792 (transscripta
1191 744 1234 780 et
1266 743 1384 780 notis
1417 743 1657 787 instructa).

376 795 403 836 f.
437 795 514 836 94·
541 795 577 836 E
609 797 760 837 codice
792 808 872 837 ms
919 798 1202 849 parthenonis
1234 799 1291 838 ad
1328 797 1371 839 S.
1407 797 1642 850 Georgium
1675 800 1842 847 (re‘atio
1874 800 1987 839 idem
2020 812 2114 839 mc·

226 857 469 894 nasterium
502 857 806 903 concernens).

375 911 401 952 f.
435 911 608 952 95—99
638 911 944 964 Necrologium
978 913 1258 954 bohemicum
1291 925 1346 953 ex
1379 917 1575 968 margine
1609 913 1904 967 Martyrologii
1937 916 2034 956 edit.
2069 919 2109 955 in

229 969 421 1012 Dobneri
452 969 648 1010 Monum.
682 970 742 1012 Ill.
782 972 833 1019 l).

371 1026 397 1068 f.
437 1026 663 1068 100-—110
693 1028 909 1080 Excerpta
942 1040 965 1067 e
998 1028 1182 1069 diversis
1215 1029 1431 1070 chronicis
1464 1032 1694 1081 impressis
1738 1042 1808 1069 res
1855 1031 2111 1071 bohemicas

225 1088 544 1127 concernentia.

370 1143 397 1184 f.
435 1144 682 1184 Ill—115⁸
699 1143 810 1184 Vita
839 1156 877 1184 s.
909 1143 1178 1186 Wenceslai
1209 1157 1231 1185 e
1254 1145 1406 1185 codice
1438 1146 1661 1196 metropol.
1687 1145 1807 1197 Prag.
1841 1147 1988 1192 (etiam
2023 1147 2108 1186 dis-

226 1212 414 1253 crepans
439 1201 500 1269 ·ab
532 1201 647 1241 edita
677 1204 720 1242 in
752 1201 875 1242 Font.
920 1202 1004 1242 sub
1037 1216 1076 1243 n.
1110 1203 1185 1252 IX)
1216 1207 1407 1252 auctore,
1439 1207 1486 1243 ut
1517 1206 1703 1255 putatur,
1736 1203 1928 1255 Hyzone
1961 1204 2101 1255 episc.

225 1258 687 1358 Ρηεοῖεῗ15δ-139
718 1317 935 1370 Excerpta
967 1330 989 1358 e
1023 1319 1207 1358 diversis
1239 1319 1456 1359 chronicis
1489 1322 1727 1371 impressis.

371 1375 398 1415 f.
436 1374 517 1416 140
549 1374 664 1416 »Cur
694 1375 1004 1416 Zventibaldus
1036 1377 1243 1416 ducatum
1275 1377 1511 1417 Bohemiae
1544 1378 1598 1417 ab
1635 1378 1860 1429 Arnulpho
1899 1380 2101 1428 petierit«

366 1447 457 1484 Sine
489 1448 610 1484 dubio
641 1458 691 1483 ex
724 1452 891 1485 monast.
925 1448 965 1485 S.
998 1448 1225 1485 Wenceslai
1256 1449 1468 1495 Neo-Prag.

366 1559 461 1613 143
1037 1561 1076 1610 I.
1116 1562 1179 1611 D.
1217 1562 1264 1611 3.

222 1653 370 1695 chart.
400 1665 518 1694 saec.
550 1652 668 1694 XVI
692 1654 839 1696 ineun.
860 1653 926 1706 ff.
957 1655 1045 1696 133
1073 1668 1213 1704 num„
1244 1655 1436 1696 20><14
1466 1667 1548 1696 cm.
1580 1657 1610 1696 3
1639 1667 1698 1695 m.

362 1736 473 1774 Folio
515 1738 698 1784 operculo
743 1749 872 1785 super.
920 1739 1092 1785 adligato
1134 1749 1275 1775 manus
1316 1740 1507 1775 recentior
1547 1740 1650 1775 hunc
1692 1739 1849 1787 titulum
1880 1739 2102 1786 inscripsit:

221 1794 440 1842 Epistulae
472 1793 651 1833 Bouslai
682 1796 732 1832 de
763 1796 1016 1833 Lobkowitz
1047 1799 1090 1832 et
1120 1796 1386 1843 Opusculum
1419 1798 1470 1833 de
1502 1797 1675 1833 miseria
1705 1798 1904 1833 humana.
1953 1797 2101 1833 Eodem

220 1854 288 1890 fol.
322 1864 433 1890 verso
476 1854 574 1890 haec
615 1858 710 1891 nota
741 1865 881 1890 manus
913 1866 1085 1891 coaevae
1118 1856 1309 1892 occurrit:
1348 1855 1444 1891 »Hic
1475 1859 1533 1892 est
1565 1860 1736 1892 caracter
1766 1860 1802 1891 et
1835 1865 1974 1891 manus
2007 1866 2098 1902 pro-

219 1911 306 1958 pria
348 1913 386 1948 d.
427 1910 656 1948 venceslai
697 1911 878 1948 Picetini
922 1914 1059 1950 decani
1103 1913 1311 1960 Pragensis
1352 1914 1516 1950 ecclesie
1557 1918 1593 1950 et
1635 1914 1727 1949 olim
1769 1914 1924 1960 plebani
1966 1913 2105 1949 Crum-

221 1969 426 2006 noviensis
459 1974 496 2006 et
529 1970 795 2006 archidiaconi
829 1970 1124 2008 Bechinensis.«

365 2036 392 2076 f.
430 2039 480 2078 1a
515 2037 808 2078 »Periucunde
840 2042 882 2077 et
913 2041 1023 2078 scitu
1055 2050 1143 2078 non
1176 2038 1349 2090 indigne
1383 2038 1422 2078 d.
1455 2038 1646 2079 Bouslai
1677 2038 1731 2078 de
1754 2038 2033 2079 Lobkowicz
2056 2042 2103 2078 et

218 2094 276 2135 de
307 2094 622 2136 Hassenstein
653 2095 849 2146 epistole
881 2096 1094 2136 laudabile
1127 2096 1296 2136 facinus
1330 2097 1624 2147 Pragensium‚
1658 2097 1776 2148 quod
1809 2099 1917 2136 inter
1948 2097 2099 2136 sedem

217 2153 505 2204 apostolicam
537 2157 579 2193 et
609 2156 731 2205 ipsos
764 2153 1006 2205 Pragenses
1028 2154 1258 2206 ambigitur
1290 2187 1298 2194 .
1334 2187 1341 2193 .
1378 2187 1385 2194 .
1419 2158 1693 2194 continentes
1725 2155 1781 2194 ad
1812 2154 2027 2194 Joannem
2046 2155 2099 2193 de

219 2209 501 2251 Domaslavie
533 2214 668 2251 misse
700 2214 910 2263 incipiunt
940 2212 1169 2252 foeliciter«
1205 2212 1291 2261 (10.
1325 2217 1406 2252 oct.
1447 2212 1586 2262 1493).

363 2279 391 2320 f.
424 2278 473 2320 21’
503 2279 800 2332 Epigramma
831 2281 872 2321 d.
904 2281 1096 2322 Bouslai
1125 2281 1199 2330 (de
1232 2282 1389 2321 eodem
1421 2282 1644 2328 facinore).

363 2337 390 2378 f.
423 2338 472 2378 3ει
501 2337 731 2379 Victorini
763 2340 818 2379 de
850 2339 1081 2380 Wssehrd
1112 2351 1300 2380 carmen
1332 2340 1560 2380 adversus
1591 2339 1851 2390 pontifices.

362 2395 388 2436 f.
420 2396 470 2436 ⁴1³a
498 2396 689 2438 Bouslai
719 2397 761 2437 d.
802 2396 852 2438 L.
883 2397 1093 2449 Epistola
1123 2398 1180 2438 ad
1201 2400 1299 2438 Joa.
1321 2398 1377 2438 de
1401 2398 1699 2439 Domaslavie
1722 2397 1769 2437 in
1800 2397 2094 2438 Victorinum

214 2452 456 2495 invectiva
487 2455 544 2503 (2.
577 2458 660 2495 ian.
700 2455 842 2503 1494).

361 2523 390 2564 f.
427 2523 478 2564 13
508 2523 733 2564 Bohuslai
763 2524 1048 2576 epigramma
1077 2525 1308 2565 adversus
1340 2536 1528 2565 carmen
1559 2524 1799 2566 Victorini.

361 2581 387 2622 f.
426 2579 498 2622 141‘
534 2580 804 2633 »Sequentes
837 2583 971 2622 hasce
1003 2585 1210 2634 epistolas
1243 2583 1358 2623 dom.
1392 2582 1685 2624 Venceslaus
1720 2584 1775 2623 de
1799 2583 1976 2623 Rowne
2001 2584 2094 2624 fun-

214 2638 342 2679 dator
371 2643 520 2680 noster
550 2643 721 2692 propria
753 2652 835 2680 sua
866 2652 1004 2681 manu
1036 2644 1230 2681 exaravit
1261 2642 1429 2681 calamo
1462 2642 1637 2692 quidem
1670 2642 1834 2681 celeri«

360 2708 387 2748 f.
426 2708 476 2748 15
506 2708 771 2749 Bohuslaus
803 2711 858 2750 de
891 2709 940 2749 L.
973 2709 1231 2751 Cristanno
1264 2722 1352 2751 suo
1373 2710 1518 2751 Pedik
1542 2723 1574 2750 s.
1601 2723 1638 2762 p.
1665 2711 1703 2750 d.
1728 2711 1801 2759 (de
1825 2714 1910 2750 situ
1932 2711 2092 2763 Pragae

215 2769 261 2806 et
290 2767 527 2806 incolarum
560 2768 786 2815 moribus).

361 2823 387 2863 f.
420 2823 475 2864 23
506 2825 771 2865 Bohuslaus
803 2825 858 2866 de
890 2825 939 2866 L.
970 2825 1144 2866 Joanni
1176 2826 1231 2866 de
1265 2826 1567 2867 Domaslavie
1602 2839 1635 2865 s.
1670 2838 1709 2877 p.
1745 2827 1784 2865 d.
1828 2827 1901 2872 (de
1934 2831 2091 2867 eventu

215 2883 274 2921 rei
306 2880 644 2931 Olomucensis).

359 2939 386 2979 f.
419 2939 469 2980 31
506 2940 729 2981 Bohuslai
759 2941 814 2982 de
846 2941 895 2981 L.
927 2941 1125 2993 epistola
1147 2942 1203 2982 ad
1241 2942 1527 2982 Vladislaum
1549 2953 1705 2993 regem
1726 2941 1812 2990 (22.
1836 2953 1923 2993 apr.
1949 2942 2089 2989 1497).

359 2997 386 3037 f.
419 2997 475 3038 55
504 2999 758 3050 Augustini
790 2999 1094 3051 (Kasenbrot)
1125 3000 1307 3040 Moravi
1339 3000 1537 3050 epistola
1567 3002 1622 3039 ad
1655 2999 1943 3039 Bohuslaum
1964 3000 2018 3040 de
2041 3000 2087 3040 L.

212 3052 302 3101 (24.
335 3066 422 3106 apr.
452 3055 577 3104 1497)
608 3068 844 3097 recensens
876 3062 918 3097 et
948 3058 1134 3098 laudans
1176 3061 1372 3109 priorem.
1422 3057 1691 3108 (Sequuntur
1722 3058 1944 3109 complura
1989 3058 2090 3098 folia

212 3122 356 3151 vacua
384 3123 473 3153 non
504 3118 642 3162 num.)

330 3169 356 3210 f.
390 3170 444 3210 57
475 3170 739 3212 Bohuslaus
772 3172 826 3213 de
858 3173 908 3213 L.
939 3173 1143 3213 Martino
1189 3173 1243 3213 de
1275 3173 1516 3213 Melerstat
1548 3184 1582 3213 s.
1617 3185 1657 3224 p.
1690 3173 1729 3212 d.
1772 3172 1984 3224 (Epistola
2015 3174 2086 3212 de-

212 3226 422 3268 dicatoria
452 3232 594 3280 operis
627 3230 679 3269 de
712 3233 886 3271 miseria
916 3231 1141 3279 humana.)

1128 3380 1165 3410 51
1908 3373 1940 3405 4*
