<?xml version="1.0" encoding="UTF-8"?>
<!DOCTYPE html PUBLIC "-//W3C//DTD XHTML 1.0 Transitional//EN"
    "http://www.w3.org/TR/xhtml1/DTD/xhtml1-transitional.dtd">
<html xmlns="http://www.w3.org/1999/xhtml" xml:lang="en" lang="en">
 <head>
  <title>
</title>
<meta http-equiv="Content-Type" content="text/html;charset=utf-8" />
  <meta name='ocr-system' content='tesseract 3.04.00' />
  <meta name='ocr-capabilities' content='ocr_page ocr_carea ocr_par ocr_line ocrx_word'/>
</head>
<body>
  <div class='ocr_page' id='page_1' title='image "./cataloguscodicum01praguoft_0152.png"; bbox 0 0 2476 3782; ppageno 0'>
   <div class='ocr_carea' id='block_1_1' title="bbox 1290 275 1367 315">
    <p class='ocr_par' dir='ltr' id='par_1_1' title="bbox 1290 275 1367 315">
     <span class='ocr_line' id='line_1_1' title="bbox 1290 275 1367 315; baseline -0.013 0"><span class='ocrx_word' id='word_1_1' title='bbox 1290 275 1367 315; x_wconf 82' lang='lat'>291</span> 
     </span>
    </p>
   </div>
   <div class='ocr_carea' id='block_1_2' title="bbox 393 411 2261 522">
    <p class='ocr_par' dir='ltr' id='par_1_2' title="bbox 393 411 2261 522">
     <span class='ocr_line' id='line_1_2' title="bbox 393 411 2261 465; baseline 0.001 -14"><span class='ocrx_word' id='word_1_2' title='bbox 393 412 531 461; x_wconf 91' lang='lat' dir='ltr'>rium,</span> <span class='ocrx_word' id='word_1_3' title='bbox 565 412 812 462; x_wconf 87' lang='lat' dir='ltr'>Speculum</span> <span class='ocrx_word' id='word_1_4' title='bbox 844 411 1040 452; x_wconf 90' lang='lat' dir='ltr'>animae.</span> <span class='ocrx_word' id='word_1_5' title='bbox 1080 412 1295 465; x_wconf 85' lang='lat' dir='ltr'>»Sapienti</span> <span class='ocrx_word' id='word_1_6' title='bbox 1327 425 1378 453; x_wconf 90' lang='lat' dir='ltr'>ac</span> <span class='ocrx_word' id='word_1_7' title='bbox 1410 414 1540 454; x_wconf 91' lang='lat' dir='ltr'>nobili</span> <span class='ocrx_word' id='word_1_8' title='bbox 1572 416 1685 453; x_wconf 78' lang='lat' dir='ltr'>viro«</span> <span class='ocrx_word' id='word_1_9' title='bbox 1725 414 1767 450; x_wconf 92' lang='lat'>&gt;&lt;</span> <span class='ocrx_word' id='word_1_10' title='bbox 1804 414 1913 453; x_wconf 86' lang='lat' dir='ltr'>»hoc</span> <span class='ocrx_word' id='word_1_11' title='bbox 1945 415 2132 452; x_wconf 89' lang='lat' dir='ltr'>caritatis</span> <span class='ocrx_word' id='word_1_12' title='bbox 2156 423 2261 452; x_wconf 90' lang='lat' dir='ltr'>con-</span> 
     </span>
     <span class='ocr_line' id='line_1_3' title="bbox 396 469 1555 522; baseline 0.002 -13"><span class='ocrx_word' id='word_1_13' title='bbox 396 472 603 521; x_wconf 87' lang='lat' dir='ltr'>scriptum</span> <span class='ocrx_word' id='word_1_14' title='bbox 636 481 780 521; x_wconf 92' lang='lat' dir='ltr'>opus.</span> <span class='ocrx_word' id='word_1_15' title='bbox 807 503 813 510; x_wconf 94' lang='lat'>.</span> <span class='ocrx_word' id='word_1_16' title='bbox 840 500 847 509; x_wconf 93' lang='lat'>.</span> <span class='ocrx_word' id='word_1_17' title='bbox 882 469 1066 521; x_wconf 84' lang='lat' dir='ltr'>Explicit</span> <span class='ocrx_word' id='word_1_18' title='bbox 1098 469 1337 522; x_wconf 87' lang='lat' dir='ltr'>Speculum</span> <span class='ocrx_word' id='word_1_19' title='bbox 1370 474 1555 511; x_wconf 81' lang='lat' dir='ltr'>anime«.</span> 
     </span>
    </p>
   </div>
   <div class='ocr_carea' id='block_1_3' title="bbox 534 538 1984 581">
    <p class='ocr_par' dir='ltr' id='par_1_3' title="bbox 534 538 1984 581">
     <span class='ocr_line' id='line_1_4' title="bbox 534 538 1984 581; baseline 0.001 -4"><span class='ocrx_word' id='word_1_20' title='bbox 534 539 560 578; x_wconf 88' lang='lat' dir='ltr'>f.</span> <span class='ocrx_word' id='word_1_21' title='bbox 593 538 807 578; x_wconf 60' lang='lat'><strong><em>532—572</em></strong></span> <span class='ocrx_word' id='word_1_22' title='bbox 841 538 883 579; x_wconf 92' lang='lat' dir='ltr'>S.</span> <span class='ocrx_word' id='word_1_23' title='bbox 917 539 1136 579; x_wconf 91' lang='lat' dir='ltr'>Bernardi</span> <span class='ocrx_word' id='word_1_24' title='bbox 1168 539 1407 581; x_wconf 89' lang='lat' dir='ltr'>Tractatus</span> <span class='ocrx_word' id='word_1_25' title='bbox 1440 541 1494 581; x_wconf 91' lang='lat' dir='ltr'>de</span> <span class='ocrx_word' id='word_1_26' title='bbox 1526 541 1647 581; x_wconf 91' lang='lat' dir='ltr'>bona</span> <span class='ocrx_word' id='word_1_27' title='bbox 1685 539 1984 580; x_wconf 88' lang='lat' dir='ltr'>conscientia.</span> 
     </span>
    </p>
   </div>
   <div class='ocr_carea' id='block_1_4' title="bbox 533 604 2258 660">
    <p class='ocr_par' dir='ltr' id='par_1_4' title="bbox 533 604 2258 660">
     <span class='ocr_line' id='line_1_5' title="bbox 533 604 2258 660; baseline 0.001 -14"><span class='ocrx_word' id='word_1_28' title='bbox 533 608 559 647; x_wconf 83' lang='lat' dir='ltr'>f.</span> <span class='ocrx_word' id='word_1_29' title='bbox 593 604 807 646; x_wconf 57' lang='lat'>572—641&#39;</span> <span class='ocrx_word' id='word_1_30' title='bbox 846 607 1208 659; x_wconf 81' lang='lat' dir='ltr'>»Exposiciones</span> <span class='ocrx_word' id='word_1_31' title='bbox 1247 610 1423 650; x_wconf 87' lang='lat' dir='ltr'>alarum</span> <span class='ocrx_word' id='word_1_32' title='bbox 1456 613 1501 649; x_wconf 93' lang='lat' dir='ltr'>et</span> <span class='ocrx_word' id='word_1_33' title='bbox 1532 621 1788 660; x_wconf 89' lang='lat' dir='ltr'>pennarum</span> <span class='ocrx_word' id='word_1_34' title='bbox 1821 610 1875 648; x_wconf 92' lang='lat' dir='ltr'>de</span> <span class='ocrx_word' id='word_1_35' title='bbox 1907 620 1992 648; x_wconf 91' lang='lat' dir='ltr'>sex</span> <span class='ocrx_word' id='word_1_36' title='bbox 2027 609 2113 648; x_wconf 90' lang='lat' dir='ltr'>alis</span> <span class='ocrx_word' id='word_1_37' title='bbox 2146 607 2258 649; x_wconf 90' lang='lat' dir='ltr'>Che-</span> 
     </span>
    </p>
   </div>
   <div class='ocr_carea' id='block_1_5' title="bbox 394 665 2260 763">
    <p class='ocr_par' dir='ltr' id='par_1_5' title="bbox 394 665 2260 763">
     <span class='ocr_line' id='line_1_6' title="bbox 394 665 2260 718; baseline 0.001 -14"><span class='ocrx_word' id='word_1_38' title='bbox 394 665 571 715; x_wconf 88' lang='lat' dir='ltr'>rubim«</span> <span class='ocrx_word' id='word_1_39' title='bbox 607 676 644 705; x_wconf 89' lang='lat' dir='ltr'>s.</span> <span class='ocrx_word' id='word_1_40' title='bbox 676 665 910 705; x_wconf 88' lang='lat' dir='ltr'>Bernardi.</span> <span class='ocrx_word' id='word_1_41' title='bbox 949 666 1114 706; x_wconf 85' lang='lat' dir='ltr'>»Prima</span> <span class='ocrx_word' id='word_1_42' title='bbox 1145 667 1214 707; x_wconf 91' lang='lat' dir='ltr'>ala</span> <span class='ocrx_word' id='word_1_43' title='bbox 1245 671 1312 707; x_wconf 91' lang='lat' dir='ltr'>est</span> <span class='ocrx_word' id='word_1_44' title='bbox 1342 667 1588 708; x_wconf 86' lang='lat' dir='ltr'>confessio«</span> <span class='ocrx_word' id='word_1_45' title='bbox 1626 668 1668 704; x_wconf 90' lang='lat'>&gt;&lt;</span> <span class='ocrx_word' id='word_1_46' title='bbox 1705 670 1962 718; x_wconf 82' lang='lat' dir='ltr'>»eternaque</span> <span class='ocrx_word' id='word_1_47' title='bbox 1996 666 2145 706; x_wconf 86' lang='lat' dir='ltr'>fruens</span> <span class='ocrx_word' id='word_1_48' title='bbox 2187 667 2260 706; x_wconf 94' lang='lat' dir='ltr'>be-</span> 
     </span>
     <span class='ocr_line' id='line_1_7' title="bbox 394 723 733 763; baseline 0 -1"><span class='ocrx_word' id='word_1_49' title='bbox 394 723 600 763; x_wconf 91' lang='lat' dir='ltr'>atitudine</span> <span class='ocrx_word' id='word_1_50' title='bbox 633 753 641 761; x_wconf 94' lang='lat'>.</span> <span class='ocrx_word' id='word_1_51' title='bbox 666 754 674 762; x_wconf 89' lang='lat'>.</span> <span class='ocrx_word' id='word_1_52' title='bbox 700 739 733 762; x_wconf 69' lang='grc' dir='ltr'>,α</span> 
     </span>
    </p>
   </div>
   <div class='ocr_carea' id='block_1_6' title="bbox 394 790 2262 904">
    <p class='ocr_par' dir='ltr' id='par_1_6' title="bbox 394 790 2262 904">
     <span class='ocr_line' id='line_1_8' title="bbox 532 790 2262 845; baseline 0.001 -14"><span class='ocrx_word' id='word_1_53' title='bbox 532 792 559 831; x_wconf 86' lang='lat' dir='ltr'>f.</span> <span class='ocrx_word' id='word_1_54' title='bbox 592 790 807 832; x_wconf 56' lang='lat' dir='ltr'>&amp;ib—81a</span> <span class='ocrx_word' id='word_1_55' title='bbox 836 792 1126 833; x_wconf 88' lang='lat' dir='ltr'>Tractatulus</span> <span class='ocrx_word' id='word_1_56' title='bbox 1157 794 1213 834; x_wconf 91' lang='lat' dir='ltr'>de</span> <span class='ocrx_word' id='word_1_57' title='bbox 1245 797 1423 845; x_wconf 86' lang='lat' dir='ltr'>septem</span> <span class='ocrx_word' id='word_1_58' title='bbox 1455 794 1656 843; x_wconf 90' lang='lat' dir='ltr'>peccatis</span> <span class='ocrx_word' id='word_1_59' title='bbox 1678 793 1951 834; x_wconf 73' lang='lat' dir='ltr'>mortalibus</span> <span class='ocrx_word' id='word_1_60' title='bbox 1988 797 2262 844; x_wconf 80' lang='lat' dir='ltr'>»excerptus</span> 
     </span>
     <span class='ocr_line' id='line_1_9' title="bbox 394 849 1947 904; baseline 0.001 -15"><span class='ocrx_word' id='word_1_61' title='bbox 394 850 449 889; x_wconf 89' lang='lat' dir='ltr'>de</span> <span class='ocrx_word' id='word_1_62' title='bbox 479 849 610 899; x_wconf 84' lang='lat' dir='ltr'>libro,</span> <span class='ocrx_word' id='word_1_63' title='bbox 644 849 721 900; x_wconf 91' lang='lat' dir='ltr'>qui</span> <span class='ocrx_word' id='word_1_64' title='bbox 751 849 1014 892; x_wconf 85' lang='lat' dir='ltr'>intitulatur</span> <span class='ocrx_word' id='word_1_65' title='bbox 1043 850 1209 891; x_wconf 85' lang='lat' dir='ltr'>Diaeta</span> <span class='ocrx_word' id='word_1_66' title='bbox 1239 851 1432 892; x_wconf 81' lang='lat' dir='ltr'>salutis«</span> <span class='ocrx_word' id='word_1_67' title='bbox 1469 851 1526 904; x_wconf 91' lang='lat' dir='ltr'>(s.</span> <span class='ocrx_word' id='word_1_68' title='bbox 1558 851 1947 900; x_wconf 88' lang='lat' dir='ltr'>Bonaventurae).</span> 
     </span>
    </p>
   </div>
   <div class='ocr_carea' id='block_1_7' title="bbox 392 916 2259 1075">
    <p class='ocr_par' dir='ltr' id='par_1_7' title="bbox 392 916 2259 1075">
     <span class='ocr_line' id='line_1_10' title="bbox 531 916 2259 971; baseline 0.001 -13"><span class='ocrx_word' id='word_1_69' title='bbox 531 919 557 958; x_wconf 87' lang='lat' dir='ltr'>f.</span> <span class='ocrx_word' id='word_1_70' title='bbox 591 916 835 959; x_wconf 62' lang='lat' dir='ltr'>81¹2—-123b</span> <span class='ocrx_word' id='word_1_71' title='bbox 867 919 984 971; x_wconf 87' lang='lat' dir='ltr'>Mag.</span> <span class='ocrx_word' id='word_1_72' title='bbox 1015 920 1257 960; x_wconf 87' lang='lat' dir='ltr'>Albertani</span> <span class='ocrx_word' id='word_1_73' title='bbox 1289 921 1511 961; x_wconf 87' lang='lat' dir='ltr'>causidici</span> <span class='ocrx_word' id='word_1_74' title='bbox 1551 921 1808 961; x_wconf 89' lang='lat' dir='ltr'>Brixiensis</span> <span class='ocrx_word' id='word_1_75' title='bbox 1847 920 1983 961; x_wconf 92' lang='lat' dir='ltr'>Liber</span> <span class='ocrx_word' id='word_1_76' title='bbox 2014 922 2069 961; x_wconf 91' lang='lat' dir='ltr'>de</span> <span class='ocrx_word' id='word_1_77' title='bbox 2101 920 2259 961; x_wconf 85' lang='lat' dir='ltr'>causis</span> 
     </span>
     <span class='ocr_line' id='line_1_11' title="bbox 392 977 2246 1075; baseline 0.002 -59"><span class='ocrx_word' id='word_1_78' title='bbox 392 977 818 1075; x_wconf 42' lang='lat' dir='ltr'>aezstcifigeftigtsens</span> <span class='ocrx_word' id='word_1_79' title='bbox 851 989 963 1029; x_wconf 91' lang='lat' dir='ltr'>opus</span> <span class='ocrx_word' id='word_1_80' title='bbox 996 978 1198 1018; x_wconf 89' lang='lat' dir='ltr'>dividitur</span> <span class='ocrx_word' id='word_1_81' title='bbox 1228 981 1270 1018; x_wconf 94' lang='lat' dir='ltr'>in</span> <span class='ocrx_word' id='word_1_82' title='bbox 1295 979 1321 1018; x_wconf 85' lang='lat'>5</span> <span class='ocrx_word' id='word_1_83' title='bbox 1344 983 1514 1030; x_wconf 80' lang='lat' dir='ltr'>partes«</span> <span class='ocrx_word' id='word_1_84' title='bbox 1551 981 1592 1016; x_wconf 90' lang='lat'>&gt;&lt;</span> <span class='ocrx_word' id='word_1_85' title='bbox 1629 984 1694 1018; x_wconf 84' lang='lat' dir='ltr'>»et</span> <span class='ocrx_word' id='word_1_86' title='bbox 1725 990 1886 1018; x_wconf 81' lang='lat' dir='ltr'>uxores</span> <span class='ocrx_word' id='word_1_87' title='bbox 1919 990 2071 1019; x_wconf 86' lang='lat' dir='ltr'>eorum</span> <span class='ocrx_word' id='word_1_88' title='bbox 2113 981 2246 1030; x_wconf 91' lang='lat' dir='ltr'>capti-</span> 
     </span>
     <span class='ocr_line' id='line_1_12' title="bbox 733 1052 767 1073; baseline 0 -4"><span class='ocrx_word' id='word_1_89' title='bbox 733 1052 767 1073; x_wconf 78' lang='lat'>‚«</span> 
     </span>
    </p>
   </div>
   <div class='ocr_carea' id='block_1_8' title="bbox 392 1102 2260 1215">
    <p class='ocr_par' dir='ltr' id='par_1_8' title="bbox 392 1102 2260 1215">
     <span class='ocr_line' id='line_1_13' title="bbox 532 1102 2260 1157; baseline 0.002 -14"><span class='ocrx_word' id='word_1_90' title='bbox 532 1104 558 1143; x_wconf 91' lang='lat' dir='ltr'>f.</span> <span class='ocrx_word' id='word_1_91' title='bbox 599 1102 865 1144; x_wconf 68' lang='lat' dir='ltr'>12312—124a</span> <span class='ocrx_word' id='word_1_92' title='bbox 898 1104 962 1144; x_wconf 93' lang='lat' dir='ltr'>De</span> <span class='ocrx_word' id='word_1_93' title='bbox 995 1105 1098 1145; x_wconf 91' lang='lat' dir='ltr'>ludo</span> <span class='ocrx_word' id='word_1_94' title='bbox 1135 1106 1375 1145; x_wconf 85' lang='lat' dir='ltr'>taxillorum</span> <span class='ocrx_word' id='word_1_95' title='bbox 1408 1107 1476 1146; x_wconf 91' lang='lat' dir='ltr'>vel</span> <span class='ocrx_word' id='word_1_96' title='bbox 1508 1117 1737 1146; x_wconf 90' lang='lat' dir='ltr'>scacorum</span> <span class='ocrx_word' id='word_1_97' title='bbox 1770 1109 2041 1157; x_wconf 89' lang='lat' dir='ltr'>(excerptum</span> <span class='ocrx_word' id='word_1_98' title='bbox 2075 1118 2130 1146; x_wconf 90' lang='lat' dir='ltr'>ex</span> <span class='ocrx_word' id='word_1_99' title='bbox 2151 1109 2260 1146; x_wconf 87' lang='lat' dir='ltr'>trac-</span> 
     </span>
     <span class='ocr_line' id='line_1_14' title="bbox 392 1161 1680 1215; baseline 0.002 -14"><span class='ocrx_word' id='word_1_100' title='bbox 392 1165 482 1201; x_wconf 90' lang='lat' dir='ltr'>tatu</span> <span class='ocrx_word' id='word_1_101' title='bbox 514 1161 721 1213; x_wconf 80' lang='lat' dir='ltr'>Stephani</span> <span class='ocrx_word' id='word_1_102' title='bbox 755 1161 1102 1203; x_wconf 75' lang='lat' dir='ltr'>ChimerezM.</span> <span class='ocrx_word' id='word_1_103' title='bbox 1137 1162 1345 1215; x_wconf 86' lang='lat' dir='ltr'>Stephani</span> <span class='ocrx_word' id='word_1_104' title='bbox 1379 1164 1432 1203; x_wconf 90' lang='lat' dir='ltr'>de</span> <span class='ocrx_word' id='word_1_105' title='bbox 1465 1163 1680 1215; x_wconf 89' lang='lat' dir='ltr'>Colonia).</span> 
     </span>
    </p>
   </div>
   <div class='ocr_carea' id='block_1_9' title="bbox 390 1229 2256 1401">
    <p class='ocr_par' dir='ltr' id='par_1_9' title="bbox 390 1229 2256 1401">
     <span class='ocr_line' id='line_1_15' title="bbox 531 1229 2256 1284; baseline 0.002 -14"><span class='ocrx_word' id='word_1_106' title='bbox 531 1231 558 1270; x_wconf 84' lang='lat' dir='ltr'>f.</span> <span class='ocrx_word' id='word_1_107' title='bbox 596 1229 864 1271; x_wconf 55' lang='grc'>1243-13413</span> <span class='ocrx_word' id='word_1_108' title='bbox 898 1231 961 1283; x_wconf 89' lang='lat' dir='ltr'>(S.</span> <span class='ocrx_word' id='word_1_109' title='bbox 994 1232 1266 1284; x_wconf 89' lang='lat' dir='ltr'>Augustini)</span> <span class='ocrx_word' id='word_1_110' title='bbox 1299 1232 1502 1273; x_wconf 87' lang='lat' dir='ltr'>Libellus</span> <span class='ocrx_word' id='word_1_111' title='bbox 1534 1233 1589 1273; x_wconf 89' lang='lat' dir='ltr'>de</span> <span class='ocrx_word' id='word_1_112' title='bbox 1612 1233 1831 1274; x_wconf 89' lang='lat' dir='ltr'>conflictu</span> <span class='ocrx_word' id='word_1_113' title='bbox 1852 1233 2073 1274; x_wconf 91' lang='lat' dir='ltr'>vitiorum</span> <span class='ocrx_word' id='word_1_114' title='bbox 2098 1236 2146 1274; x_wconf 93' lang='lat' dir='ltr'>et</span> <span class='ocrx_word' id='word_1_115' title='bbox 2166 1233 2256 1274; x_wconf 86' lang='lat' dir='ltr'>vir-</span> 
     </span>
     <span class='ocr_line' id='line_1_16' title="bbox 390 1290 2256 1342; baseline 0.002 -14"><span class='ocrx_word' id='word_1_116' title='bbox 390 1292 556 1329; x_wconf 91' lang='lat' dir='ltr'>tutum.</span> <span class='ocrx_word' id='word_1_117' title='bbox 593 1290 869 1340; x_wconf 77' lang='lat' dir='ltr'>»Apostolica</span> <span class='ocrx_word' id='word_1_118' title='bbox 900 1301 989 1329; x_wconf 93' lang='lat' dir='ltr'>vox</span> <span class='ocrx_word' id='word_1_119' title='bbox 1020 1291 1180 1330; x_wconf 90' lang='lat' dir='ltr'>clamat</span> <span class='ocrx_word' id='word_1_120' title='bbox 1211 1301 1286 1342; x_wconf 89' lang='lat' dir='ltr'>per</span> <span class='ocrx_word' id='word_1_121' title='bbox 1335 1291 1508 1330; x_wconf 82' lang='lat' dir='ltr'>orbem«</span> <span class='ocrx_word' id='word_1_122' title='bbox 1548 1292 1590 1328; x_wconf 93' lang='grc'>&gt;&lt;</span> <span class='ocrx_word' id='word_1_123' title='bbox 1625 1294 1934 1342; x_wconf 84' lang='lat' dir='ltr'>»cognovisset</span> <span class='ocrx_word' id='word_1_124' title='bbox 1979 1292 2087 1331; x_wconf 90' lang='lat' dir='ltr'>alias</span> <span class='ocrx_word' id='word_1_125' title='bbox 2138 1302 2256 1331; x_wconf 90' lang='lat' dir='ltr'>com-</span> 
     </span>
     <span class='ocr_line' id='line_1_17' title="bbox 392 1347 1366 1401; baseline 0.001 -15"><span class='ocrx_word' id='word_1_126' title='bbox 392 1349 596 1386; x_wconf 88' lang='lat' dir='ltr'>misisset.</span> <span class='ocrx_word' id='word_1_127' title='bbox 631 1347 815 1399; x_wconf 85' lang='lat' dir='ltr'>Explicit</span> <span class='ocrx_word' id='word_1_128' title='bbox 846 1348 869 1386; x_wconf 92' lang='grc'>1.</span> <span class='ocrx_word' id='word_1_129' title='bbox 903 1348 957 1386; x_wconf 90' lang='lat' dir='ltr'>de</span> <span class='ocrx_word' id='word_1_130' title='bbox 990 1347 1194 1401; x_wconf 47' lang='lat' dir='ltr'>const-v.</span> <span class='ocrx_word' id='word_1_131' title='bbox 1228 1351 1270 1387; x_wconf 93' lang='lat' dir='ltr'>et</span> <span class='ocrx_word' id='word_1_132' title='bbox 1299 1359 1366 1387; x_wconf 79' lang='lat' dir='ltr'>v.«</span> 
     </span>
    </p>
   </div>
   <div class='ocr_carea' id='block_1_10' title="bbox 393 1414 2261 1639">
    <p class='ocr_par' dir='ltr' id='par_1_10' title="bbox 393 1414 2261 1639">
     <span class='ocr_line' id='line_1_18' title="bbox 531 1414 2255 1470; baseline 0.002 -15"><span class='ocrx_word' id='word_1_133' title='bbox 531 1416 557 1456; x_wconf 87' lang='lat' dir='ltr'>f.</span> <span class='ocrx_word' id='word_1_134' title='bbox 597 1414 864 1456; x_wconf 75' lang='lat' dir='ltr'>135a—163b</span> <span class='ocrx_word' id='word_1_135' title='bbox 896 1416 1106 1468; x_wconf 88' lang='lat' dir='ltr'>Epistola</span> <span class='ocrx_word' id='word_1_136' title='bbox 1153 1418 1259 1458; x_wconf 90' lang='lat' dir='ltr'>data</span> <span class='ocrx_word' id='word_1_137' title='bbox 1289 1418 1330 1457; x_wconf 88' lang='lat' dir='ltr'>d.</span> <span class='ocrx_word' id='word_1_138' title='bbox 1362 1418 1416 1458; x_wconf 93' lang='lat' dir='ltr'>A.</span> <span class='ocrx_word' id='word_1_139' title='bbox 1447 1417 1579 1458; x_wconf 89' lang='lat' dir='ltr'>verbi</span> <span class='ocrx_word' id='word_1_140' title='bbox 1611 1417 1685 1458; x_wconf 90' lang='lat' dir='ltr'>dei</span> <span class='ocrx_word' id='word_1_141' title='bbox 1725 1418 1998 1459; x_wconf 85' lang='lat' dir='ltr'>seminatori</span> <span class='ocrx_word' id='word_1_142' title='bbox 2029 1418 2077 1458; x_wconf 83' lang='lat' dir='ltr'>in</span> <span class='ocrx_word' id='word_1_143' title='bbox 2106 1418 2255 1470; x_wconf 87' lang='lat' dir='ltr'>Praga</span> 
     </span>
     <span class='ocr_line' id='line_1_19' title="bbox 393 1473 2261 1528; baseline 0.002 -14"><span class='ocrx_word' id='word_1_144' title='bbox 393 1473 469 1526; x_wconf 92' lang='lat' dir='ltr'>(de</span> <span class='ocrx_word' id='word_1_145' title='bbox 498 1473 812 1514; x_wconf 90' lang='lat' dir='ltr'>inobedientia</span> <span class='ocrx_word' id='word_1_146' title='bbox 843 1475 1070 1515; x_wconf 88' lang='lat' dir='ltr'>adversus</span> <span class='ocrx_word' id='word_1_147' title='bbox 1102 1475 1337 1525; x_wconf 89' lang='lat' dir='ltr'>praelatos</span> <span class='ocrx_word' id='word_1_148' title='bbox 1369 1480 1416 1515; x_wconf 92' lang='lat' dir='ltr'>et</span> <span class='ocrx_word' id='word_1_149' title='bbox 1447 1475 1774 1516; x_wconf 91' lang='lat' dir='ltr'>communione</span> <span class='ocrx_word' id='word_1_150' title='bbox 1816 1476 1902 1516; x_wconf 90' lang='lat' dir='ltr'>sub</span> <span class='ocrx_word' id='word_1_151' title='bbox 1935 1479 2129 1527; x_wconf 85' lang='lat' dir='ltr'>utraque</span> <span class='ocrx_word' id='word_1_152' title='bbox 2160 1487 2261 1528; x_wconf 88' lang='lat' dir='ltr'>spe-</span> 
     </span>
     <span class='ocr_line' id='line_1_20' title="bbox 393 1531 2258 1589; baseline 0.002 -18"><span class='ocrx_word' id='word_1_153' title='bbox 393 1531 497 1583; x_wconf 90' lang='lat' dir='ltr'>cie).</span> <span class='ocrx_word' id='word_1_154' title='bbox 531 1532 746 1580; x_wconf 85' lang='lat' dir='ltr'>(Eandem</span> <span class='ocrx_word' id='word_1_155' title='bbox 779 1533 925 1572; x_wconf 90' lang='lat' dir='ltr'>datam</span> <span class='ocrx_word' id='word_1_156' title='bbox 959 1533 998 1571; x_wconf 92' lang='lat' dir='ltr'>d.</span> <span class='ocrx_word' id='word_1_157' title='bbox 1033 1532 1156 1572; x_wconf 89' lang='lat' dir='ltr'>Gallo</span> <span class='ocrx_word' id='word_1_158' title='bbox 1187 1545 1228 1572; x_wconf 93' lang='lat' dir='ltr'>v.</span> <span class='ocrx_word' id='word_1_159' title='bbox 1260 1535 1304 1589; x_wconf 69' lang='lat' dir='ltr'>in</span> <span class='ocrx_word' id='word_1_160' title='bbox 1336 1534 1431 1573; x_wconf 88' lang='lat' dir='ltr'>cod.</span> <span class='ocrx_word' id='word_1_161' title='bbox 1466 1534 1492 1573; x_wconf 93' lang='lat' dir='ltr'>I.</span> <span class='ocrx_word' id='word_1_162' title='bbox 1527 1533 1572 1573; x_wconf 89' lang='lat' dir='ltr'>B.</span> <span class='ocrx_word' id='word_1_163' title='bbox 1607 1533 1661 1572; x_wconf 85' lang='lat'>29</span> <span class='ocrx_word' id='word_1_164' title='bbox 1694 1533 1719 1574; x_wconf 87' lang='lat' dir='ltr'>f.</span> <span class='ocrx_word' id='word_1_165' title='bbox 1759 1534 1823 1579; x_wconf 75' lang='lat'>11,</span> <span class='ocrx_word' id='word_1_166' title='bbox 1858 1534 2004 1574; x_wconf 90' lang='lat' dir='ltr'>datam</span> <span class='ocrx_word' id='word_1_167' title='bbox 2036 1534 2258 1574; x_wconf 88' lang='lat' dir='ltr'>Jacobello</span> 
     </span>
     <span class='ocr_line' id='line_1_21' title="bbox 393 1588 1768 1639; baseline 0.001 -11"><span class='ocrx_word' id='word_1_168' title='bbox 393 1590 446 1629; x_wconf 88' lang='lat' dir='ltr'>de</span> <span class='ocrx_word' id='word_1_169' title='bbox 477 1589 591 1629; x_wconf 90' lang='lat' dir='ltr'>Misa</span> <span class='ocrx_word' id='word_1_170' title='bbox 622 1590 732 1630; x_wconf 86' lang='lat' dir='ltr'>edid.</span> <span class='ocrx_word' id='word_1_171' title='bbox 767 1590 915 1638; x_wconf 81' lang='lat' dir='ltr'>Hardt,</span> <span class='ocrx_word' id='word_1_172' title='bbox 949 1590 1001 1630; x_wconf 88' lang='lat' dir='ltr'>cf.</span> <span class='ocrx_word' id='word_1_173' title='bbox 1035 1588 1219 1630; x_wconf 73' lang='lat' dir='ltr'>Vestnik</span> <span class='ocrx_word' id='word_1_174' title='bbox 1252 1590 1395 1632; x_wconf 79' lang='lat' dir='ltr'>Ceske</span> <span class='ocrx_word' id='word_1_175' title='bbox 1427 1591 1568 1631; x_wconf 87' lang='lat' dir='ltr'>Akad.</span> <span class='ocrx_word' id='word_1_176' title='bbox 1601 1591 1647 1638; x_wconf 82' lang='grc' dir='ltr'>ΙΙ,</span> <span class='ocrx_word' id='word_1_177' title='bbox 1681 1591 1768 1639; x_wconf 87' lang='grc'>63).</span> 
     </span>
    </p>
   </div>
   <div class='ocr_carea' id='block_1_11' title="bbox 531 1669 1727 1724">
    <p class='ocr_par' dir='ltr' id='par_1_11' title="bbox 531 1669 1727 1724">
     <span class='ocr_line' id='line_1_22' title="bbox 531 1669 1727 1724; baseline 0.002 -14"><span class='ocrx_word' id='word_1_178' title='bbox 531 1671 556 1711; x_wconf 86' lang='lat' dir='ltr'>f.</span> <span class='ocrx_word' id='word_1_179' title='bbox 596 1669 863 1712; x_wconf 65' lang='lat'>1642—1681‘</span> <span class='ocrx_word' id='word_1_180' title='bbox 894 1671 1032 1711; x_wconf 88' lang='lat' dir='ltr'>Notae</span> <span class='ocrx_word' id='word_1_181' title='bbox 1066 1675 1210 1712; x_wconf 90' lang='lat' dir='ltr'>variae</span> <span class='ocrx_word' id='word_1_182' title='bbox 1243 1676 1285 1712; x_wconf 93' lang='lat' dir='ltr'>et</span> <span class='ocrx_word' id='word_1_183' title='bbox 1314 1676 1519 1724; x_wconf 88' lang='lat' dir='ltr'>excerpta</span> <span class='ocrx_word' id='word_1_184' title='bbox 1550 1675 1727 1712; x_wconf 86' lang='lat' dir='ltr'>minora.</span> 
     </span>
    </p>
   </div>
   <div class='ocr_carea' id='block_1_12' title="bbox 392 1751 2263 1922">
    <p class='ocr_par' dir='ltr' id='par_1_12' title="bbox 392 1751 2263 1922">
     <span class='ocr_line' id='line_1_23' title="bbox 530 1751 2261 1806; baseline 0.002 -15"><span class='ocrx_word' id='word_1_185' title='bbox 530 1753 556 1792; x_wconf 86' lang='lat' dir='ltr'>f.</span> <span class='ocrx_word' id='word_1_186' title='bbox 596 1751 862 1793; x_wconf 62' lang='lat' dir='ltr'>1592—137b</span> <span class='ocrx_word' id='word_1_187' title='bbox 896 1753 984 1805; x_wconf 87' lang='lat' dir='ltr'>(Fr.</span> <span class='ocrx_word' id='word_1_188' title='bbox 1018 1753 1262 1804; x_wconf 86' lang='lat' dir='ltr'>Torsonis)</span> <span class='ocrx_word' id='word_1_189' title='bbox 1294 1753 1486 1794; x_wconf 90' lang='lat' dir='ltr'>Summa</span> <span class='ocrx_word' id='word_1_190' title='bbox 1534 1753 1886 1794; x_wconf 91' lang='lat' dir='ltr'>haereticorum.</span> <span class='ocrx_word' id='word_1_191' title='bbox 1955 1754 2129 1806; x_wconf 81' lang='lat' dir='ltr'>»Incipit</span> <span class='ocrx_word' id='word_1_192' title='bbox 2175 1754 2261 1794; x_wconf 91' lang='lat' dir='ltr'>dis-</span> 
     </span>
     <span class='ocr_line' id='line_1_24' title="bbox 393 1810 2261 1861; baseline 0.002 -12"><span class='ocrx_word' id='word_1_193' title='bbox 393 1813 587 1861; x_wconf 90' lang='lat' dir='ltr'>ceptacio</span> <span class='ocrx_word' id='word_1_194' title='bbox 619 1811 821 1851; x_wconf 88' lang='lat' dir='ltr'>katholici</span> <span class='ocrx_word' id='word_1_195' title='bbox 854 1815 895 1851; x_wconf 90' lang='lat' dir='ltr'>et</span> <span class='ocrx_word' id='word_1_196' title='bbox 925 1812 1113 1858; x_wconf 84' lang='lat' dir='ltr'>heretici,</span> <span class='ocrx_word' id='word_1_197' title='bbox 1148 1814 1190 1851; x_wconf 93' lang='lat' dir='ltr'>et</span> <span class='ocrx_word' id='word_1_198' title='bbox 1221 1811 1374 1851; x_wconf 91' lang='lat' dir='ltr'>dicitur</span> <span class='ocrx_word' id='word_1_199' title='bbox 1405 1814 1495 1850; x_wconf 90' lang='lat' dir='ltr'>sive</span> <span class='ocrx_word' id='word_1_200' title='bbox 1542 1812 1777 1851; x_wconf 84' lang='lat' dir='ltr'>intitulatur</span> <span class='ocrx_word' id='word_1_201' title='bbox 1823 1810 2006 1851; x_wconf 89' lang='lat' dir='ltr'>Summa</span> <span class='ocrx_word' id='word_1_202' title='bbox 2052 1813 2261 1852; x_wconf 89' lang='lat' dir='ltr'>heretico-</span> 
     </span>
     <span class='ocr_line' id='line_1_25' title="bbox 392 1868 2263 1922; baseline 0.002 -16"><span class='ocrx_word' id='word_1_203' title='bbox 392 1879 513 1907; x_wconf 83' lang='lat' dir='ltr'>rum«</span> <span class='ocrx_word' id='word_1_204' title='bbox 548 1868 783 1917; x_wconf 88' lang='lat' dir='ltr'>(adversus</span> <span class='ocrx_word' id='word_1_205' title='bbox 816 1869 1069 1918; x_wconf 86' lang='lat' dir='ltr'>Paterenos)</span> <span class='ocrx_word' id='word_1_206' title='bbox 1102 1870 1145 1906; x_wconf 92' lang='lat'>&gt;&lt;</span> <span class='ocrx_word' id='word_1_207' title='bbox 1181 1872 1307 1922; x_wconf 79' lang='lat' dir='ltr'>»quia</span> <span class='ocrx_word' id='word_1_208' title='bbox 1338 1872 1481 1908; x_wconf 87' lang='lat' dir='ltr'>omnis</span> <span class='ocrx_word' id='word_1_209' title='bbox 1512 1869 1727 1908; x_wconf 89' lang='lat' dir='ltr'>hereticus</span> <span class='ocrx_word' id='word_1_210' title='bbox 1775 1873 1842 1908; x_wconf 92' lang='lat' dir='ltr'>est</span> <span class='ocrx_word' id='word_1_211' title='bbox 1890 1872 2168 1909; x_wconf 87' lang='lat' dir='ltr'>scismaticus</span> <span class='ocrx_word' id='word_1_212' title='bbox 2221 1873 2263 1910; x_wconf 94' lang='lat' dir='ltr'>et</span> 
     </span>
    </p>
   </div>
   <div class='ocr_carea' id='block_1_13' title="bbox 393 1925 2259 2081">
    <p class='ocr_par' dir='ltr' id='par_1_13' title="bbox 393 1925 2259 2081">
     <span class='ocr_line' id='line_1_26' title="bbox 393 1925 2259 1978; baseline 0.001 -13"><span class='ocrx_word' id='word_1_213' title='bbox 393 1937 481 1965; x_wconf 91' lang='lat' dir='ltr'>non</span> <span class='ocrx_word' id='word_1_214' title='bbox 513 1938 766 1966; x_wconf 85' lang='lat' dir='ltr'>econverso.</span> <span class='ocrx_word' id='word_1_215' title='bbox 800 1926 854 1966; x_wconf 90' lang='lat' dir='ltr'>Et</span> <span class='ocrx_word' id='word_1_216' title='bbox 885 1930 948 1966; x_wconf 89' lang='lat' dir='ltr'>sic</span> <span class='ocrx_word' id='word_1_217' title='bbox 980 1931 1048 1966; x_wconf 92' lang='lat' dir='ltr'>est</span> <span class='ocrx_word' id='word_1_218' title='bbox 1078 1927 1190 1967; x_wconf 88' lang='lat' dir='ltr'>finis.</span> <span class='ocrx_word' id='word_1_219' title='bbox 1224 1926 1409 1978; x_wconf 84' lang='lat' dir='ltr'>Explicit</span> <span class='ocrx_word' id='word_1_220' title='bbox 1440 1925 1624 1966; x_wconf 87' lang='lat' dir='ltr'>Summa</span> <span class='ocrx_word' id='word_1_221' title='bbox 1654 1927 1982 1966; x_wconf 80' lang='lat' dir='ltr'>hereticorum«</span> <span class='ocrx_word' id='word_1_222' title='bbox 2035 1927 2114 1968; x_wconf 90' lang='lat' dir='ltr'>Ed.</span> <span class='ocrx_word' id='word_1_223' title='bbox 2147 1927 2259 1967; x_wconf 89' lang='lat' dir='ltr'>Mar-</span> 
     </span>
     <span class='ocr_line' id='line_1_27' title="bbox 393 1980 2258 2081; baseline 0.002 -59"><span class='ocrx_word' id='word_1_224' title='bbox 393 1980 573 2081; x_wconf 45' lang='lat' dir='ltr'>}{neffleff</span> <span class='ocrx_word' id='word_1_225' title='bbox 615 1984 806 2032; x_wconf 84' lang='lat' dir='ltr'>Durand‚</span> <span class='ocrx_word' id='word_1_226' title='bbox 849 1984 982 2024; x_wconf 90' lang='lat' dir='ltr'>Thes.</span> <span class='ocrx_word' id='word_1_227' title='bbox 1027 1996 1124 2025; x_wconf 89' lang='lat' dir='ltr'>nov.</span> <span class='ocrx_word' id='word_1_228' title='bbox 1167 1984 1219 2033; x_wconf 88' lang='lat' dir='ltr'>V,</span> <span class='ocrx_word' id='word_1_229' title='bbox 1267 1984 1374 2024; x_wconf 83' lang='lat'>1703</span> <span class='ocrx_word' id='word_1_230' title='bbox 1417 1996 1480 2036; x_wconf 93' lang='lat' dir='ltr'>sq.</span> <span class='ocrx_word' id='word_1_231' title='bbox 1526 1983 1589 2024; x_wconf 88' lang='lat' dir='ltr'>Cf.</span> <span class='ocrx_word' id='word_1_232' title='bbox 1634 1983 1781 2035; x_wconf 87' lang='lat' dir='ltr'>Haupt</span> <span class='ocrx_word' id='word_1_233' title='bbox 1822 1988 1863 2024; x_wconf 91' lang='lat' dir='ltr'>in</span> <span class='ocrx_word' id='word_1_234' title='bbox 1897 1984 2043 2024; x_wconf 92' lang='lat' dir='ltr'>Ztsch.</span> <span class='ocrx_word' id='word_1_235' title='bbox 2092 1985 2118 2026; x_wconf 89' lang='lat' dir='ltr'>f.</span> <span class='ocrx_word' id='word_1_236' title='bbox 2166 1984 2258 2026; x_wconf 86' lang='lat' dir='ltr'>KG.</span> 
     </span>
    </p>
   </div>
   <div class='ocr_carea' id='block_1_14' title="bbox 396 2109 2262 2222">
    <p class='ocr_par' dir='ltr' id='par_1_14' title="bbox 396 2109 2262 2222">
     <span class='ocr_line' id='line_1_28' title="bbox 532 2109 2262 2162; baseline 0.001 -12"><span class='ocrx_word' id='word_1_237' title='bbox 532 2111 558 2151; x_wconf 88' lang='lat' dir='ltr'>f.</span> <span class='ocrx_word' id='word_1_238' title='bbox 598 2109 868 2152; x_wconf 64' lang='lat'>18712-19022</span> <span class='ocrx_word' id='word_1_239' title='bbox 897 2114 1034 2160; x_wconf 88' lang='lat' dir='ltr'>(manu</span> <span class='ocrx_word' id='word_1_240' title='bbox 1065 2114 1162 2160; x_wconf 88' lang='lat' dir='ltr'>alia)</span> <span class='ocrx_word' id='word_1_241' title='bbox 1191 2111 1344 2151; x_wconf 90' lang='lat' dir='ltr'>Variae</span> <span class='ocrx_word' id='word_1_242' title='bbox 1376 2115 1503 2151; x_wconf 91' lang='lat' dir='ltr'>notae</span> <span class='ocrx_word' id='word_1_243' title='bbox 1535 2111 1588 2150; x_wconf 92' lang='lat' dir='ltr'>de</span> <span class='ocrx_word' id='word_1_244' title='bbox 1611 2114 1800 2162; x_wconf 89' lang='lat' dir='ltr'>peccatis</span> <span class='ocrx_word' id='word_1_245' title='bbox 1823 2115 1865 2151; x_wconf 91' lang='lat' dir='ltr'>et</span> <span class='ocrx_word' id='word_1_246' title='bbox 1886 2123 2036 2151; x_wconf 90' lang='lat' dir='ltr'>eorum</span> <span class='ocrx_word' id='word_1_247' title='bbox 2058 2112 2262 2152; x_wconf 90' lang='lat' dir='ltr'>distincti-</span> 
     </span>
     <span class='ocr_line' id='line_1_29' title="bbox 396 2169 1659 2222; baseline 0 -15"><span class='ocrx_word' id='word_1_248' title='bbox 396 2179 479 2207; x_wconf 91' lang='lat' dir='ltr'>one</span> <span class='ocrx_word' id='word_1_249' title='bbox 511 2180 610 2208; x_wconf 91' lang='lat' dir='ltr'>cum</span> <span class='ocrx_word' id='word_1_250' title='bbox 642 2171 804 2222; x_wconf 89' lang='lat' dir='ltr'>aliquot</span> <span class='ocrx_word' id='word_1_251' title='bbox 833 2171 994 2221; x_wconf 88' lang='lat' dir='ltr'>glossis</span> <span class='ocrx_word' id='word_1_252' title='bbox 1030 2170 1271 2209; x_wconf 87' lang='lat' dir='ltr'>bohemicis</span> <span class='ocrx_word' id='word_1_253' title='bbox 1304 2169 1659 2209; x_wconf 86' lang='lat' dir='ltr'>interlinearibus.</span> 
     </span>
    </p>
   </div>
   <div class='ocr_carea' id='block_1_15' title="bbox 394 2251 2261 2760">
    <p class='ocr_par' dir='ltr' id='par_1_15' title="bbox 394 2251 2261 2760">
     <span class='ocr_line' id='line_1_30' title="bbox 533 2251 2258 2300; baseline 0.001 -13"><span class='ocrx_word' id='word_1_254' title='bbox 533 2252 725 2298; x_wconf 89' lang='lat' dir='ltr'>Operculo</span> <span class='ocrx_word' id='word_1_255' title='bbox 757 2254 944 2300; x_wconf 88' lang='lat' dir='ltr'>superiori</span> <span class='ocrx_word' id='word_1_256' title='bbox 976 2255 1212 2290; x_wconf 88' lang='lat' dir='ltr'>intrinsecus</span> <span class='ocrx_word' id='word_1_257' title='bbox 1245 2252 1530 2298; x_wconf 89' lang='lat' dir='ltr'>adglutinatum</span> <span class='ocrx_word' id='word_1_258' title='bbox 1561 2255 1619 2288; x_wconf 87' lang='lat' dir='ltr'>est</span> <span class='ocrx_word' id='word_1_259' title='bbox 1650 2251 1785 2287; x_wconf 89' lang='lat' dir='ltr'>folium</span> <span class='ocrx_word' id='word_1_260' title='bbox 1818 2253 1953 2297; x_wconf 66' lang='lat' dir='ltr'>chart„</span> <span class='ocrx_word' id='word_1_261' title='bbox 2003 2252 2044 2288; x_wconf 90' lang='lat' dir='ltr'>in</span> <span class='ocrx_word' id='word_1_262' title='bbox 2076 2263 2154 2299; x_wconf 94' lang='lat' dir='ltr'>quo</span> <span class='ocrx_word' id='word_1_263' title='bbox 2186 2263 2258 2289; x_wconf 92' lang='lat' dir='ltr'>no-</span> 
     </span>
     <span class='ocr_line' id='line_1_31' title="bbox 394 2308 2256 2357; baseline 0.001 -13"><span class='ocrx_word' id='word_1_264' title='bbox 394 2312 496 2345; x_wconf 84' lang='lat' dir='ltr'>tatae</span> <span class='ocrx_word' id='word_1_265' title='bbox 527 2314 619 2346; x_wconf 88' lang='lat' dir='ltr'>sunt</span> <span class='ocrx_word' id='word_1_266' title='bbox 655 2309 903 2347; x_wconf 80' lang='lat' dir='ltr'>»Novitates</span> <span class='ocrx_word' id='word_1_267' title='bbox 935 2321 1049 2348; x_wconf 88' lang='lat' dir='ltr'>nunc</span> <span class='ocrx_word' id='word_1_268' title='bbox 1080 2311 1126 2346; x_wconf 93' lang='lat' dir='ltr'>in</span> <span class='ocrx_word' id='word_1_269' title='bbox 1158 2309 1442 2347; x_wconf 87' lang='lat' dir='ltr'>Constancia«</span> <span class='ocrx_word' id='word_1_270' title='bbox 1476 2308 1592 2357; x_wconf 89' lang='lat' dir='ltr'>(ann.</span> <span class='ocrx_word' id='word_1_271' title='bbox 1630 2309 1736 2345; x_wconf 74' lang='lat'>1411</span> <span class='ocrx_word' id='word_1_272' title='bbox 1772 2311 1813 2344; x_wconf 86' lang='lat' dir='ltr'>et</span> <span class='ocrx_word' id='word_1_273' title='bbox 1848 2309 1974 2357; x_wconf 88' lang='grc'>1418)</span> <span class='ocrx_word' id='word_1_274' title='bbox 2017 2314 2052 2346; x_wconf 88' lang='lat' dir='ltr'>et</span> <span class='ocrx_word' id='word_1_275' title='bbox 2102 2309 2256 2356; x_wconf 84' lang='lat' dir='ltr'>»Sigis-</span> 
     </span>
     <span class='ocr_line' id='line_1_32' title="bbox 394 2366 2259 2415; baseline 0.001 -13"><span class='ocrx_word' id='word_1_276' title='bbox 394 2367 542 2402; x_wconf 88' lang='lat' dir='ltr'>mundi</span> <span class='ocrx_word' id='word_1_277' title='bbox 572 2368 684 2414; x_wconf 88' lang='lat' dir='ltr'>regis</span> <span class='ocrx_word' id='word_1_278' title='bbox 710 2368 1002 2414; x_wconf 88' lang='lat' dir='ltr'>juramentum</span> <span class='ocrx_word' id='word_1_279' title='bbox 1032 2367 1218 2404; x_wconf 89' lang='lat' dir='ltr'>Martino</span> <span class='ocrx_word' id='word_1_280' title='bbox 1250 2367 1287 2404; x_wconf 94' lang='lat' dir='ltr'>V</span> <span class='ocrx_word' id='word_1_281' title='bbox 1317 2377 1450 2414; x_wconf 88' lang='lat' dir='ltr'>papae</span> <span class='ocrx_word' id='word_1_282' title='bbox 1483 2367 1550 2405; x_wconf 89' lang='grc'>25.</span> <span class='ocrx_word' id='word_1_283' title='bbox 1576 2366 1665 2412; x_wconf 88' lang='lat' dir='ltr'>jan.</span> <span class='ocrx_word' id='word_1_284' title='bbox 1694 2366 1802 2403; x_wconf 88' lang='lat'>1418</span> <span class='ocrx_word' id='word_1_285' title='bbox 1827 2368 2118 2412; x_wconf 65' lang='lat' dir='ltr'>praestitum«</span> <span class='ocrx_word' id='word_1_286' title='bbox 2153 2367 2259 2415; x_wconf 81' lang='lat' dir='ltr'>Qua—</span> 
     </span>
     <span class='ocr_line' id='line_1_33' title="bbox 395 2425 2258 2473; baseline 0.001 -13"><span class='ocrx_word' id='word_1_287' title='bbox 395 2436 480 2460; x_wconf 90' lang='lat' dir='ltr'>rum</span> <span class='ocrx_word' id='word_1_288' title='bbox 512 2426 742 2471; x_wconf 80' lang='lat' dir='ltr'>novitatum,</span> <span class='ocrx_word' id='word_1_289' title='bbox 775 2437 873 2473; x_wconf 90' lang='lat' dir='ltr'>quae</span> <span class='ocrx_word' id='word_1_290' title='bbox 906 2427 1031 2463; x_wconf 88' lang='lat' dir='ltr'>codici</span> <span class='ocrx_word' id='word_1_291' title='bbox 1063 2426 1141 2462; x_wconf 89' lang='lat' dir='ltr'>iam</span> <span class='ocrx_word' id='word_1_292' title='bbox 1170 2426 1290 2472; x_wconf 90' lang='lat' dir='ltr'>ligato</span> <span class='ocrx_word' id='word_1_293' title='bbox 1320 2427 1489 2461; x_wconf 88' lang='lat' dir='ltr'>insertae</span> <span class='ocrx_word' id='word_1_294' title='bbox 1539 2429 1642 2469; x_wconf 88' lang='lat' dir='ltr'>sunt,</span> <span class='ocrx_word' id='word_1_295' title='bbox 1681 2425 1871 2460; x_wconf 89' lang='lat' dir='ltr'>habentes</span> <span class='ocrx_word' id='word_1_296' title='bbox 1914 2429 2104 2462; x_wconf 88' lang='lat' dir='ltr'>rationem</span> <span class='ocrx_word' id='word_1_297' title='bbox 2134 2429 2171 2461; x_wconf 91' lang='lat' dir='ltr'>et</span> <span class='ocrx_word' id='word_1_298' title='bbox 2199 2435 2258 2462; x_wconf 89' lang='lat' dir='ltr'>re·</span> 
     </span>
     <span class='ocr_line' id='line_1_34' title="bbox 396 2482 2256 2531; baseline 0.001 -13"><span class='ocrx_word' id='word_1_299' title='bbox 396 2487 576 2529; x_wconf 88' lang='lat' dir='ltr'>putantes</span> <span class='ocrx_word' id='word_1_300' title='bbox 609 2485 814 2530; x_wconf 88' lang='lat' dir='ltr'>epistolam</span> <span class='ocrx_word' id='word_1_301' title='bbox 848 2485 1034 2531; x_wconf 88' lang='lat' dir='ltr'>anonymi</span> <span class='ocrx_word' id='word_1_302' title='bbox 1066 2494 1185 2530; x_wconf 89' lang='lat' dir='ltr'>supra</span> <span class='ocrx_word' id='word_1_303' title='bbox 1224 2483 1454 2519; x_wconf 88' lang='lat' dir='ltr'>recensitam</span> <span class='ocrx_word' id='word_1_304' title='bbox 1499 2486 1586 2518; x_wconf 89' lang='lat' dir='ltr'>ante</span> <span class='ocrx_word' id='word_1_305' title='bbox 1632 2493 1667 2522; x_wconf 86' lang='lat' dir='ltr'>a.</span> <span class='ocrx_word' id='word_1_306' title='bbox 1715 2482 1820 2518; x_wconf 87' lang='grc'>1415</span> <span class='ocrx_word' id='word_1_307' title='bbox 1869 2493 1947 2518; x_wconf 92' lang='lat' dir='ltr'>non</span> <span class='ocrx_word' id='word_1_308' title='bbox 1995 2484 2256 2530; x_wconf 85' lang='lat' dir='ltr'>conscriptam</span> 
     </span>
     <span class='ocr_line' id='line_1_35' title="bbox 396 2539 2260 2586; baseline 0 -10"><span class='ocrx_word' id='word_1_309' title='bbox 396 2551 482 2576; x_wconf 89' lang='lat' dir='ltr'>esse</span> <span class='ocrx_word' id='word_1_310' title='bbox 515 2552 640 2577; x_wconf 88' lang='lat' dir='ltr'>annos</span> <span class='ocrx_word' id='word_1_311' title='bbox 673 2542 820 2578; x_wconf 88' lang='lat' dir='ltr'>exarati</span> <span class='ocrx_word' id='word_1_312' title='bbox 853 2543 1001 2578; x_wconf 88' lang='lat' dir='ltr'>codicis</span> <span class='ocrx_word' id='word_1_313' title='bbox 1041 2540 1317 2577; x_wconf 83' lang='lat'>1415-—1417</span> <span class='ocrx_word' id='word_1_314' title='bbox 1352 2541 1573 2579; x_wconf 81' lang='lat' dir='ltr'>statuimus,</span> <span class='ocrx_word' id='word_1_315' title='bbox 1609 2539 1744 2586; x_wconf 88' lang='lat' dir='ltr'>Lipko</span> <span class='ocrx_word' id='word_1_316' title='bbox 1777 2541 1984 2585; x_wconf 90' lang='lat' dir='ltr'>plebanus</span> <span class='ocrx_word' id='word_1_317' title='bbox 2015 2541 2059 2576; x_wconf 88' lang='lat' dir='ltr'>in</span> <span class='ocrx_word' id='word_1_318' title='bbox 2093 2540 2260 2577; x_wconf 86' lang='lat' dir='ltr'>Gisteb-</span> 
     </span>
     <span class='ocr_line' id='line_1_36' title="bbox 396 2598 2260 2646; baseline 0.001 -13"><span class='ocrx_word' id='word_1_319' title='bbox 396 2599 502 2644; x_wconf 87' lang='lat' dir='ltr'>nicz,</span> <span class='ocrx_word' id='word_1_320' title='bbox 534 2600 599 2645; x_wconf 90' lang='lat' dir='ltr'>qui</span> <span class='ocrx_word' id='word_1_321' title='bbox 631 2600 670 2635; x_wconf 92' lang='lat' dir='ltr'>in</span> <span class='ocrx_word' id='word_1_322' title='bbox 702 2601 837 2635; x_wconf 87' lang='lat' dir='ltr'>eodem</span> <span class='ocrx_word' id='word_1_323' title='bbox 868 2600 962 2636; x_wconf 88' lang='lat' dir='ltr'>folio</span> <span class='ocrx_word' id='word_1_324' title='bbox 995 2599 1237 2646; x_wconf 85' lang='lat' dir='ltr'>adglutinato</span> <span class='ocrx_word' id='word_1_325' title='bbox 1279 2600 1406 2635; x_wconf 89' lang='lat' dir='ltr'>scriba</span> <span class='ocrx_word' id='word_1_326' title='bbox 1449 2599 1597 2634; x_wconf 87' lang='lat' dir='ltr'>codicis</span> <span class='ocrx_word' id='word_1_327' title='bbox 1629 2598 1859 2642; x_wconf 87' lang='lat' dir='ltr'>declaratur,</span> <span class='ocrx_word' id='word_1_328' title='bbox 1902 2602 1960 2634; x_wconf 87' lang='lat' dir='ltr'>est</span> <span class='ocrx_word' id='word_1_329' title='bbox 2010 2598 2260 2645; x_wconf 90' lang='lat' dir='ltr'>Hippolytus,</span> 
     </span>
     <span class='ocr_line' id='line_1_37' title="bbox 397 2654 2261 2702; baseline 0.001 -11"><span class='ocrx_word' id='word_1_330' title='bbox 397 2657 463 2702; x_wconf 93' lang='lat' dir='ltr'>qui</span> <span class='ocrx_word' id='word_1_331' title='bbox 495 2667 530 2695; x_wconf 82' lang='lat' dir='ltr'>a,</span> <span class='ocrx_word' id='word_1_332' title='bbox 569 2657 674 2692; x_wconf 88' lang='lat'>1399</span> <span class='ocrx_word' id='word_1_333' title='bbox 707 2662 833 2694; x_wconf 89' lang='lat' dir='ltr'>rector</span> <span class='ocrx_word' id='word_1_334' title='bbox 863 2658 1053 2694; x_wconf 88' lang='lat' dir='ltr'>ecclesiae</span> <span class='ocrx_word' id='word_1_335' title='bbox 1085 2657 1381 2692; x_wconf 88' lang='lat' dir='ltr'>Jistebnicensis</span> <span class='ocrx_word' id='word_1_336' title='bbox 1413 2657 1536 2692; x_wconf 91' lang='lat' dir='ltr'>evasit</span> <span class='ocrx_word' id='word_1_337' title='bbox 1567 2654 1768 2701; x_wconf 92' lang='lat' dir='ltr'>(Confirm.</span> <span class='ocrx_word' id='word_1_338' title='bbox 1802 2654 1869 2700; x_wconf 89' lang='lat' dir='ltr'>VI,</span> <span class='ocrx_word' id='word_1_339' title='bbox 1907 2656 1988 2702; x_wconf 88' lang='lat'>10).</span> <span class='ocrx_word' id='word_1_340' title='bbox 2020 2656 2171 2692; x_wconf 90' lang='lat' dir='ltr'>Deinde</span> <span class='ocrx_word' id='word_1_341' title='bbox 2193 2666 2261 2692; x_wconf 92' lang='lat' dir='ltr'>co-</span> 
     </span>
     <span class='ocr_line' id='line_1_38' title="bbox 397 2715 1224 2760; baseline 0.004 -11"><span class='ocrx_word' id='word_1_342' title='bbox 397 2715 472 2749; x_wconf 93' lang='lat' dir='ltr'>dex</span> <span class='ocrx_word' id='word_1_343' title='bbox 503 2715 740 2750; x_wconf 88' lang='lat' dir='ltr'>monasterio</span> <span class='ocrx_word' id='word_1_344' title='bbox 772 2715 1040 2752; x_wconf 88' lang='lat' dir='ltr'>Borovanensi</span> <span class='ocrx_word' id='word_1_345' title='bbox 1074 2715 1224 2760; x_wconf 89' lang='lat' dir='ltr'>obtigit.</span> 
     </span>
    </p>
   </div>
   <div class='ocr_carea' id='block_1_16' title="bbox 400 2825 1822 2972">
    <p class='ocr_par' dir='ltr' id='par_1_16' title="bbox 400 2825 1822 2972">
     <span class='ocr_line' id='line_1_39' title="bbox 536 2825 1469 2879; baseline -0.005 -2"><span class='ocrx_word' id='word_1_346' title='bbox 536 2826 622 2879; x_wconf 80' lang='lat'>29!</span> <span class='ocrx_word' id='word_1_347' title='bbox 1213 2826 1250 2874; x_wconf 94' lang='lat' dir='ltr'>I.</span> <span class='ocrx_word' id='word_1_348' title='bbox 1291 2826 1350 2874; x_wconf 84' lang='lat' dir='ltr'>G.</span> <span class='ocrx_word' id='word_1_349' title='bbox 1388 2825 1469 2873; x_wconf 82' lang='lat'>15.</span> 
     </span>
     <span class='ocr_line' id='line_1_40' title="bbox 400 2917 1822 2972; baseline -0.001 -14"><span class='ocrx_word' id='word_1_350' title='bbox 400 2920 541 2959; x_wconf 76' lang='lat' dir='ltr'>chart.</span> <span class='ocrx_word' id='word_1_351' title='bbox 573 2931 688 2959; x_wconf 79' lang='lat' dir='ltr'>saec.</span> <span class='ocrx_word' id='word_1_352' title='bbox 720 2919 1052 2972; x_wconf 83' lang='lat' dir='ltr'><em>XIV—XVff.</em></span> <span class='ocrx_word' id='word_1_353' title='bbox 1084 2920 1171 2960; x_wconf 79' lang='lat'>132</span> <span class='ocrx_word' id='word_1_354' title='bbox 1201 2931 1338 2962; x_wconf 70' lang='lat' dir='ltr'>mun..</span> <span class='ocrx_word' id='word_1_355' title='bbox 1370 2917 1565 2958; x_wconf 82' lang='lat'><em>22&gt;&lt;15</em></span> <span class='ocrx_word' id='word_1_356' title='bbox 1592 2929 1673 2956; x_wconf 82' lang='lat' dir='ltr'>cm.</span> <span class='ocrx_word' id='word_1_357' title='bbox 1707 2918 1729 2957; x_wconf 94' lang='grc'><em>1</em></span> <span class='ocrx_word' id='word_1_358' title='bbox 1763 2929 1822 2957; x_wconf 80' lang='lat' dir='ltr'>m.</span> 
     </span>
    </p>
   </div>
   <div class='ocr_carea' id='block_1_17' title="bbox 398 2998 2262 3222">
    <p class='ocr_par' dir='ltr' id='par_1_17' title="bbox 398 2998 2262 3222">
     <span class='ocr_line' id='line_1_41' title="bbox 536 2998 2262 3050; baseline -0.001 -11"><span class='ocrx_word' id='word_1_359' title='bbox 536 3000 561 3039; x_wconf 86' lang='lat' dir='ltr'>f.</span> <span class='ocrx_word' id='word_1_360' title='bbox 601 3000 757 3040; x_wconf 72' lang='lat'>1—60³</span> <span class='ocrx_word' id='word_1_361' title='bbox 790 3003 1000 3050; x_wconf 79' lang='lat' dir='ltr'>(anepigr.)</span> <span class='ocrx_word' id='word_1_362' title='bbox 1030 3000 1194 3041; x_wconf 85' lang='lat' dir='ltr'>Jacobi</span> <span class='ocrx_word' id='word_1_363' title='bbox 1233 2999 1289 3039; x_wconf 91' lang='lat' dir='ltr'>de</span> <span class='ocrx_word' id='word_1_364' title='bbox 1334 2999 1583 3038; x_wconf 88' lang='lat' dir='ltr'>Lausanna</span> <span class='ocrx_word' id='word_1_365' title='bbox 1612 2998 1900 3038; x_wconf 87' lang='lat' dir='ltr'>Moralitates</span> <span class='ocrx_word' id='word_1_366' title='bbox 1924 2999 2083 3039; x_wconf 90' lang='lat' dir='ltr'>ordine</span> <span class='ocrx_word' id='word_1_367' title='bbox 2105 2999 2262 3050; x_wconf 86' lang='lat' dir='ltr'>alpha·</span> 
     </span>
     <span class='ocr_line' id='line_1_42' title="bbox 398 3056 2260 3108; baseline -0.001 -11"><span class='ocrx_word' id='word_1_368' title='bbox 398 3058 549 3097; x_wconf 90' lang='lat' dir='ltr'>betico</span> <span class='ocrx_word' id='word_1_369' title='bbox 581 3058 846 3108; x_wconf 90' lang='lat' dir='ltr'>dispositae.</span> <span class='ocrx_word' id='word_1_370' title='bbox 886 3059 1051 3098; x_wconf 82' lang='lat' dir='ltr'>»Abicit</span> <span class='ocrx_word' id='word_1_371' title='bbox 1082 3057 1274 3097; x_wconf 92' lang='lat' dir='ltr'>mundus</span> <span class='ocrx_word' id='word_1_372' title='bbox 1307 3067 1544 3108; x_wconf 84' lang='lat' dir='ltr'>pauperes«</span> <span class='ocrx_word' id='word_1_373' title='bbox 1591 3056 1634 3092; x_wconf 93' lang='lat'>&gt;&lt;</span> <span class='ocrx_word' id='word_1_374' title='bbox 1679 3059 1804 3107; x_wconf 78' lang='lat' dir='ltr'>&gt;quia</span> <span class='ocrx_word' id='word_1_375' title='bbox 1847 3068 2015 3106; x_wconf 90' lang='lat' dir='ltr'>pennas</span> <span class='ocrx_word' id='word_1_376' title='bbox 2056 3059 2260 3096; x_wconf 92' lang='lat' dir='ltr'>virtutum</span> 
     </span>
     <span class='ocr_line' id='line_1_43' title="bbox 399 3113 2262 3167; baseline -0.001 -12"><span class='ocrx_word' id='word_1_377' title='bbox 399 3127 486 3155; x_wconf 90' lang='lat' dir='ltr'>non</span> <span class='ocrx_word' id='word_1_378' title='bbox 518 3116 689 3156; x_wconf 90' lang='lat' dir='ltr'>habent.</span> <span class='ocrx_word' id='word_1_379' title='bbox 724 3116 970 3167; x_wconf 86' lang='lat' dir='ltr'>Expliciunt</span> <span class='ocrx_word' id='word_1_380' title='bbox 1000 3117 1264 3156; x_wconf 89' lang='lat' dir='ltr'>moralitates</span> <span class='ocrx_word' id='word_1_381' title='bbox 1297 3126 1372 3166; x_wconf 90' lang='lat' dir='ltr'>per</span> <span class='ocrx_word' id='word_1_382' title='bbox 1402 3125 1561 3153; x_wconf 90' lang='lat' dir='ltr'>manus</span> <span class='ocrx_word' id='word_1_383' title='bbox 1607 3113 1785 3153; x_wconf 90' lang='lat' dir='ltr'>Johlini</span> <span class='ocrx_word' id='word_1_384' title='bbox 1827 3113 1937 3154; x_wconf 90' lang='lat' dir='ltr'>dicti</span> <span class='ocrx_word' id='word_1_385' title='bbox 1969 3113 2156 3165; x_wconf 87' lang='lat' dir='ltr'>Stopfer</span> <span class='ocrx_word' id='word_1_386' title='bbox 2185 3115 2262 3154; x_wconf 85' lang='lat' dir='ltr'>viri</span> 
     </span>
     <span class='ocr_line' id='line_1_44' title="bbox 399 3173 1521 3222; baseline -0.002 -10"><span class='ocrx_word' id='word_1_387' title='bbox 399 3173 747 3212; x_wconf 88' lang='lat' dir='ltr'>reverendissimi</span> <span class='ocrx_word' id='word_1_388' title='bbox 789 3177 950 3222; x_wconf 86' lang='lat' dir='ltr'>(cetera</span> <span class='ocrx_word' id='word_1_389' title='bbox 992 3174 1186 3213; x_wconf 91' lang='lat' dir='ltr'>radendo</span> <span class='ocrx_word' id='word_1_390' title='bbox 1220 3173 1360 3212; x_wconf 86' lang='lat' dir='ltr'>deleta</span> <span class='ocrx_word' id='word_1_391' title='bbox 1390 3173 1521 3220; x_wconf 91' lang='lat' dir='ltr'>sunt).</span> 
     </span>
    </p>
   </div>
   <div class='ocr_carea' id='block_1_18' title="bbox 536 3240 1612 3294">
    <p class='ocr_par' dir='ltr' id='par_1_18' title="bbox 536 3240 1612 3294">
     <span class='ocr_line' id='line_1_45' title="bbox 536 3240 1612 3294; baseline -0.003 -12"><span class='ocrx_word' id='word_1_392' title='bbox 536 3243 562 3282; x_wconf 88' lang='lat' dir='ltr'>f.</span> <span class='ocrx_word' id='word_1_393' title='bbox 597 3240 812 3282; x_wconf 63' lang='lat' dir='ltr'>&amp;Ob—612a</span> <span class='ocrx_word' id='word_1_394' title='bbox 843 3243 1088 3294; x_wconf 86' lang='lat' dir='ltr'>Registrum</span> <span class='ocrx_word' id='word_1_395' title='bbox 1123 3244 1267 3294; x_wconf 88' lang='lat' dir='ltr'>operis</span> <span class='ocrx_word' id='word_1_396' title='bbox 1299 3241 1612 3293; x_wconf 89' lang='lat' dir='ltr'>praecedentis.</span> 
     </span>
    </p>
   </div>
   <div class='ocr_carea' id='block_1_19' title="bbox 1301 3390 1364 3422">
    <p class='ocr_par' dir='ltr' id='par_1_19' title="bbox 1301 3390 1364 3422">
     <span class='ocr_line' id='line_1_46' title="bbox 1301 3390 1364 3422; baseline 0 0"><span class='ocrx_word' id='word_1_397' title='bbox 1301 3390 1364 3422; x_wconf 86' lang='lat'>128</span> 
     </span>
    </p>
   </div>
  </div>
 </body>
</html>
