2476 3782
1320 299 1396 338 162

566 435 592 475 s.
633 432 892 475 loen—173¹>
923 435 1148 476 Vocabula
1179 437 1498 487 evangeliorum
1531 438 1756 488 explicata.
1813 437 1882 476 »In
1915 439 2140 489 evangelio
2174 438 2287 479 Exiit

426 494 613 534 edictum
649 497 672 533 i.
705 506 740 533 e.
774 496 886 545 regis
929 494 1181 534 mandatum
1214 498 1255 534 et
1286 494 1501 534 derivatur
1540 507 1566 534 a
1597 495 1730 534 verbo
1775 495 1897 534 edico
1929 519 1986 523 —
2016 498 2080 535 cis
2110 519 2168 524 —
2199 507 2281 536 re.«

564 574 590 614 s.
631 571 890 614 174ὓ-192δ
921 573 1156 614 Sermones
1190 559 1345 614 diversi
1379 578 1419 614 in
1453 575 1539 615 fine
1573 577 1728 615 manci.

563 655 589 695 f.
630 651 888 695 1932—200b
918 654 1086 695 Textus
1119 656 1438 706 evangeliorum
1472 656 1793 695 dominicalium
1826 667 1900 707 per
1931 656 2137 696 circulum
2171 659 2286 698 anni.

563 736 590 775 s.
625 731 890 775 2OOb—251b
923 735 1171 776 Sermones
1217 736 1272 776 de
1315 738 1524 786 tempore
1571 740 1616 776 et
1663 737 1717 776 de
1764 736 1939 777 sanctis
1972 749 2048 789 per
2077 738 2284 779 circulum

424 797 538 891 grigi.
577 793 718 833 »Finis
751 794 876 833 adest
917 796 1060 845 operis
1107 797 1149 833 et
1194 797 1347 833 cetera.
1407 792 1505 834 Non
1548 794 1797 845 deportabis
1844 797 1925 834 nisi
1971 795 2053 834 XX
2097 806 2282 847 grossos

455 864 479 891 a
513 863 588 891 is.«

561 934 799 970 Intrinsecus
833 935 1002 980 operculi
1037 945 1122 980 sup.
1155 935 1251 970 haec
1282 938 1376 970 nota
1406 946 1524 970 manu
1555 946 1658 973 saec.
1692 935 1765 971 XV
1796 935 1984 972 occurrit:
2050 935 2183 972 »Istud
2214 945 2284 972 vo-

424 994 554 1029 lumen
586 995 719 1028 datum
753 997 811 1028 est
843 992 1080 1027 monasterio
1127 1002 1159 1028 s.
1191 991 1317 1038 Egidii
1348 994 1387 1028 in
1418 992 1592 1029 Trzebon
1623 1003 1689 1039 per
1720 994 1823 1030 dom.
1856 993 2044 1029 Mathiam
2075 991 2284 1040 plebanum

424 1053 470 1086 de
502 1051 653 1094 Janow,
686 1051 726 1085 in
758 1060 834 1096 quo
868 1051 1116 1086 continentur
1138 1078 1146 1086 .
1173 1077 1180 1086 .
1207 1064 1241 1086 .«
1276 1050 1415 1086 Postea
1446 1052 1570 1087 codex
1602 1055 1681 1087 erat
1712 1053 1750 1087 in
1783 1051 1875 1087 bibl.
1908 1051 2204 1097 Rosenbergica‚
2236 1061 2285 1087 ex

424 1120 501 1155 qua
532 1108 734 1144 restitutus
767 1112 934 1144 monast.
967 1107 1138 1153 praefato
1171 1107 1220 1142 ad
1252 1118 1324 1143 nos
1356 1109 1540 1154 pervenit.
1603 1108 1738 1155 Opere.
1772 1119 1858 1155 sup.
1892 1109 2062 1155 adligata
2102 1112 2161 1145 est
2191 1119 2286 1156 syn-

423 1167 570 1212 grapha
602 1163 970 1211 (Schuldurkunde)
991 1175 1163 1210 german.
1186 1175 1289 1201 saec.
1311 1164 1550 1201 XIII—XIV
1572 1167 1777 1202 cuiusdam
1806 1166 2076 1202 »Ebendorffer
2097 1176 2281 1213 gesezzen

426 1235 472 1260 zu
506 1224 698 1267 Prissac«,
732 1223 846 1258 valde
879 1224 1019 1259 attrita.

565 1370 652 1423 162
1229 1368 1269 1418 I.
1307 1369 1372 1418 D.
1408 1369 1489 1418 22.

421 1489 562 1529 chart.
594 1499 710 1528 saec.
742 1485 1073 1539 XIV—XVff
1106 1484 1188 1526 271
1218 1497 1355 1534 num„
1385 1486 1571 1526 29><21
1606 1498 1688 1526 cm.
1721 1487 1760 1526 d.
1795 1499 1853 1526 m.

527 1581 787 1689 h,Iol3annis
819 1580 873 1620 de
905 1579 1112 1631 Lignano
1145 1579 1516 1620 Commentarius
1537 1580 1584 1619 in
1608 1579 1924 1620 Clementinas
1956 1578 2098 1630 (Opus
2130 1581 2274 1631 anepi-

420 1651 523 1690 grap
557 1650 630 1678 um
656 1670 663 1678 .

558 1720 584 1760 f.
624 1720 637 1758 1
679 1722 771 1764 (inc.
789 1719 818 1770 z)
855 1718 1168 1770 »Congregabo
1202 1719 1400 1770 reliquias
1430 1729 1551 1757 meas
1568 1721 1711 1769 gregis
1732 1721 1838 1757 mei«
1866 1719 1908 1754 ><
1930 1718 1956 1757 f.
1980 1717 2057 1756 271
2091 1717 2278 1757 »literam

421 1790 502 1830 que
536 1779 722 1830 loquitur
753 1777 806 1816 de
838 1778 1025 1828 generali
1058 1780 1285 1816 consweta
1316 1776 1568 1815 ordinaria«
1605 1775 1739 1826 (Finis
1771 1776 1939 1815 videtur
1979 1774 2168 1826 deesse).
2215 1773 2281 1815 Cf.

421 1835 609 1883 Schulte,
643 1835 867 1875 Canonist.
899 1834 1127 1882 Hschften,
1160 1846 1200 1885 p.
1232 1833 1300 1873 37.

560 1918 622 1954 Ad
654 1918 839 1964 opercula
869 1918 1019 1963 illigata
1067 1921 1158 1952 sunt
1203 1917 1416 1962 fragmenta
1446 1916 1604 1952 membr.
1637 1917 1785 1951 codicis
1817 1917 2022 1952 cuiusdam
2052 1925 2157 1952 saec.
2187 1913 2280 1950 XIV

421 1987 570 2022 argum.
604 1976 721 2012 theol.
754 1996 811 2001 -
841 1975 985 2022 philos.
1020 1975 1218 2021 (Fortasse
1249 1974 1336 2010 libri
1368 1973 1686 2019 Sententiarum).
1719 1973 1955 2009 Intrinsecus
1988 1972 2159 2019 operculi
2190 1982 2277 2019 sup.

420 2039 456 2069 et
490 2037 528 2069 in
560 2034 627 2072 fol.
661 2034 797 2069 ultimo
831 2044 910 2069 non
943 2044 1049 2069 num.
1083 2033 1218 2068 eadem
1250 2033 1418 2068 occurrit
1448 2035 1542 2068 nota
1573 2031 1724 2067 calamo
1757 2042 1861 2067 saec.
1883 2030 1957 2066 XV
1977 2032 2142 2078 scripta:
2179 2029 2279 2066 »Iste

415 2092 511 2127 liber
556 2092 720 2138 pertinet
768 2093 807 2127 in
854 2091 1048 2127 Borowan
1095 2100 1238 2126 novam
1283 2088 1557 2125 fundacionem
1597 2090 1658 2124 dei
1689 2089 1886 2134 genitricis
1919 2088 2083 2134 virginis
2113 2087 2276 2124 Marie«.

415 2149 562 2185 Deinde
595 2151 721 2185 codex
752 2151 790 2184 in
825 2149 917 2185 bibl.
950 2149 1279 2193 Rosenbergicam
1311 2149 1495 2193 pervenit,
1528 2157 1576 2182 ex
1607 2157 1685 2193 qua
1718 2148 1917 2182 restitutus
1949 2150 2007 2182 est
2038 2145 2275 2182 monasterio

412 2207 695 2244 Borovanensi.

556 2354 645 2407 163
1126 2403 1143 2413 .
1220 2352 1258 2400 I.
1296 2352 1359 2400 D.
1396 2351 1477 2400 23.

413 2472 556 2510 chart.
589 2483 631 2510 α.
664 2470 852 2523 1385ff.
891 2470 982 2518 181.
1015 2469 1206 2509 29><20
1237 2480 1319 2507 cm.
1354 2468 1377 2508 1
1411 2480 1469 2508 m.

550 2566 593 2601 In
625 2566 746 2601 fronte
778 2566 801 2602 f.
840 2566 855 2601 1
892 2565 955 2600 hic
986 2564 1155 2601 occurrit
1185 2563 1320 2599 titulus
1353 2563 1430 2598 alia
1462 2572 1578 2597 manu
1602 2571 1705 2596 saec.
1732 2559 1824 2595 XIV
1846 2560 2078 2605 inscriptus:
2117 2559 2273 2594 »Petrus

414 2626 459 2660 de
492 2624 724 2659 Lombardia
756 2621 874 2670 episc.
907 2622 1026 2670 Paris.
1060 2622 1150 2658 fecit
1164 2622 1302 2657 librum
1335 2620 1641 2663 Sentenciarum,
1675 2619 1740 2653 sed
1778 2616 1830 2654 M.
1865 2616 1975 2652 Zolto
2008 2618 2145 2653 doctor
2165 2626 2274 2652 sacre

413 2682 606 2727 theologie
638 2681 894 2727 comportavit
926 2684 1021 2716 istas
1053 2680 1321 2727 questiones«.

552 2760 579 2799 f.
618 2758 819 2799 1¹·—180·
850 2758 1053 2799 Conradi
1084 2757 1260 2798 Soltow
1291 2755 1598 2808 Quaestiones
1629 2754 1676 2793 in
1707 2753 1736 2793 4
1765 2753 1908 2792 libros
1930 2752 2275 2793 Sententiarum

414 2818 537 2857 Petri
568 2817 826 2857 Lombardi.
863 2816 1100 2868 »Queritun
1132 2819 1274 2854 utrum
1307 2825 1382 2865 per
1413 2813 1603 2853 studium
1637 2822 1759 2851 sacre
1793 2813 1999 2861 scripture
2031 2813 2276 2861 acquiratur

337 2876 340 2877 ⁷
415 2876 588 2914 habitus
620 2877 729 2914 alius
762 2887 788 2914 a
818 2874 929 2913 fide«
972 2890 1006 2908 Α
1045 2873 1187 2924 »quod
1220 2872 1387 2923 reprobi
1419 2882 1558 2923 usque
1603 2869 1658 2909 ad
1691 2869 1804 2907 diem
1836 2868 1977 2907 iudicii
2008 2868 2156 2907 vident
2185 2867 2303 2919 glo-'

415 2935 519 2972 riam
553 2937 817 2972 sanctorum.
852 2932 1006 2971 Iterum
1040 2934 1082 2970 et
1112 2933 1174 2969 sic
1206 2933 1322 2981 patet
1343 2931 1526 2980 questio.
1559 2927 1805 2978 Expliciunt
1827 2928 2080 2977 questiones
2102 2928 2274 2965 senten-

414 2994 576 3030 ciarum
609 2993 650 3029 in
683 3001 798 3029 anno
831 2990 871 3029 d.
906 2988 1054 3041 [1]385
1086 2991 1127 3028 in
1160 2989 1302 3039 vigilia
1332 2985 1376 3026 S.
1410 2986 1641 3036 Procopii«

551 3071 578 3111 f.
617 3067 875 3111 180⁸--181b
908 3071 967 3123 (et
998 3073 1039 3110 in
1071 3069 1142 3109 fol.
1175 3069 1407 3120 praeligato
1440 3078 1527 3106 non
1561 3067 1700 3112 num.)
1732 3062 1872 3103 Notae
1904 3063 2186 3113 theologicae.

550 3154 593 3189 In
625 3154 746 3189 fronte
778 3154 842 3190 tol.
875 3135 1086 3199 praeligati
1109 3156 1264 3188 notatur
1294 3159 1524 3196 possessor:
1582 3147 1719 3183 »Liber
1754 3145 1807 3181 M.
1840 3145 1977 3181 Jacobi
2009 3147 2056 3181 de
2089 3144 2203 3181 Sicca
2232 3146 2272 3180 in

413 3212 465 3248 40
499 3213 670 3257 grossis«
706 3211 840 3257 (Sicca
872 3222 972 3256 mag.
1005 3212 1131 3246 evasit
1162 3221 1196 3245 a.
1220 3208 1372 3248 1389).
1433 3207 1579 3242 Deinde
1626 3205 1751 3241 codex
1800 3207 1966 3239 monast.
1998 3202 2271 3246 T'rebonensis,

414 3270 506 3305 bibl.
539 3269 845 3315 Rosenbergicae
878 3272 913 3304 et
944 3269 1082 3304 iterum
1112 3270 1280 3303 monast.
1313 3264 1472 3312 praefati
1504 3263 1586 3300 fuit.

1320 3411 1365 3444 60
