2476 3782
326 294 371 327 lV

327 436 431 473 narii
463 433 708 473 incendium
752 444 888 484 nuper
928 435 1202 480 minitaretur,
1253 431 1427 471 codices
1470 431 1659 470 translati
1704 434 1805 470 sunt
1845 433 1886 470 in
1929 428 2183 470 Clementini

327 505 706 553 contignationem,
741 513 851 554 quae
884 502 1012 553 plano
1045 502 1153 553 pede
1187 505 1264 543 est.
1298 501 1428 545 unde,
1472 503 1507 540 si
1541 501 1774 551 periculum
1818 502 2068 547 immineret,
2110 503 2186 539 aut

328 573 369 610 in
403 573 674 623 propatulum
721 575 795 611 aut
835 574 875 610 in
923 571 1106 622 plateam
1153 573 1237 610 cito
1280 569 1498 610 transferri
1540 573 1732 621 possent.
1798 568 2073 620 Quamquam
2116 569 2184 608 hic

328 641 450 679 locus
482 651 622 692 neque
655 640 833 691 pulcher
863 644 930 680 est
962 651 1102 691 neque
1145 639 1406 679 commodus
1448 650 1588 690 neque
1622 641 1728 678 satis
1761 641 1995 689 spatiosus
2040 641 2184 677 tamen

330 709 499 748 videtur
529 720 629 748 esse
663 710 795 748 multo
828 711 967 760 magis
998 709 1183 748 idoneus
1217 710 1344 747 tantis
1377 708 1592 747 thesauris
1625 708 1951 747 conservandis.

466 795 577 835 Ante
611 798 785 834 centum
818 797 980 834 circiter
1010 805 1151 834 annos
1183 794 1358 834 codices
1381 797 1515 833 nostri
1549 805 1623 845 per
1643 793 1806 833 forulos
1839 794 1962 833 divisi
1996 797 2037 833 et
2058 796 2183 833 novis

329 866 561 915 signaturis
594 866 786 903 instructi
820 867 933 911 sunt,
968 875 1078 916 quae
1100 863 1228 903 hodie
1250 874 1422 915 quoque
1444 864 1599 904 valent.
1630 862 1755 915 Quae
1788 863 1940 902 divisio
1973 865 2185 914 quamvis,

329 937 375 972 ut
405 931 513 972 infra
544 933 716 983 patebit,
749 933 894 972 multis
927 935 1094 972 scateat
1123 933 1353 979 erroribus,
1397 936 1541 972 tamen
1573 932 1640 972 his
1675 934 1907 983 signaturis
1950 943 2024 984 per
2065 935 2186 972 innu-

329 1012 472 1040 meros
505 1013 620 1042 saec.
653 1000 751 1040 XIX
796 1002 927 1041 libros
970 1003 1218 1053 propagatis
1264 1012 1424 1041 novam
1471 1001 1670 1041 codicum
1719 1001 2048 1053 dispositionem
2096 1012 2187 1052 per-

328 1071 471 1110 horrui
503 1073 696 1122 exceptis
729 1070 920 1110 sedecim
953 1071 1068 1110 libris
1100 1081 1234 1110 manu
1266 1072 1448 1121 scriptis,
1497 1081 1610 1122 quos
1642 1073 1684 1110 in
1715 1071 1798 1110 alia
1828 1073 2012 1110 armaria
2053 1074 2189 1110 trans-

329 1141 439 1180 latos
470 1143 597 1180 novis
630 1143 863 1191 signaturis
894 1142 1090 1180 instruxi.
1125 1138 1312 1180 Omnem
1344 1139 1458 1200 enirn
1497 1140 1697 1179 codicum
1729 1142 1899 1191 copiam
1931 1142 1970 1188 ii,
2003 1150 2187 1191 quorum

329 1213 432 1250 tunc
462 1211 504 1249 in
537 1209 795 1249 bibliotheca
826 1213 976 1249 nostra
1006 1208 1196 1249 officium
1230 1212 1332 1257 erat,
1371 1220 1447 1260 per
1481 1208 1531 1248 18
1562 1208 1726 1248 forulos
1758 1211 1815 1248 ita
1846 1209 2187 1249 distribuendam

329 1278 625 1326 decreverunt,
657 1283 705 1318 ut
740 1278 888 1318 1—15.
922 1264 1053 1317 foruli
1077 1277 1253 1317 codices
1284 1278 1455 1325 latinos,
1502 1276 1668 1316 forulus
1706 1276 1767 1316 16.
1799 1280 2086 1328 germanicos,
2124 1277 2186 1319 17.

331 1347 599 1395 bohemicos,
652 1346 714 1388 18.
748 1347 977 1387 orientales
1009 1347 1407 1398 complecterentur.
1470 1344 1558 1386 Sed
1590 1346 1659 1386 hic
1690 1346 1811 1386 labor
1841 1346 1896 1386 ad
1937 1350 2187 1388 accuratum

329 1415 528 1456 effectum
560 1427 836 1468 nequaquam
870 1418 1074 1468 pervenit,
1108 1427 1207 1455 nam
1250 1418 1358 1454 inter
1397 1414 1510 1455 3018
1552 1415 1727 1456 codices
1768 1415 2004 1455 forulorum
2053 1417 2188 1459 1-—15

329 1489 513 1526 occurrit
548 1485 562 1525 1
599 1497 798 1536 graecuS,
845 1489 1077 1526 occurrunt
1107 1484 1163 1524 54
1193 1486 1439 1535 germanici,
1492 1485 1535 1523 11
1582 1485 1809 1533 bohemici,
1856 1485 1883 1525 5
1923 1488 2189 1536 germanico-

329 1553 556 1603 bohemici,
603 1554 659 1594 46
691 1557 764 1607 qui
796 1555 997 1594 dicuntur
1027 1556 1232 1594 romanici
1264 1554 1453 1602 codiceS,
1497 1557 1538 1594 et
1573 1553 1652 1593 175
1698 1553 1890 1596 fasciculi
1935 1555 2188 1604 archivales,

329 1625 371 1662 in
403 1633 580 1662 summa
612 1623 695 1663 292
729 1624 820 1664 libri
851 1625 1116 1663 alienissimi.
1151 1623 1252 1662 Ideo
1283 1626 1326 1663 in
1357 1623 1436 1662 illis
1458 1622 1607 1662 forulis
1629 1624 1884 1663 recensendi
1916 1621 2189 1675 supersunt²)

329 1695 492 1733 tantum
527 1692 642 1732 2726
674 1693 849 1732 codices
880 1693 949 1732 vel
980 1695 1054 1732 toti
1085 1693 1154 1732 vel
1185 1703 1387 1743 magnam
1435 1696 1600 1743 partem
1631 1693 1759 1732 latini.
1821 1693 1890 1732 Ad
1922 1704 2034 1746 quos
2066 1705 2190 1735 acce·

329 1761 436 1800 dunt
466 1757 508 1801 in'
540 1762 623 1801 hoc
666 1762 864 1812 catalogo
911 1764 1066 1802 unicus
1113 1772 1297 1813 graecus
1339 1765 1381 1801 et
1422 1761 1477 1800 25
1524 1762 1639 1801 latini
1685 1761 1860 1802 codices
1906 1762 2190 1805 bibliothecae

328 1829 623 1882 Kinskyanae,
657 1834 877 1882 postremo
925 1830 980 1870 78
1011 1831 1224 1882 opuscula
1269 1831 1399 1871 latina
1440 1842 1574 1870 manu
1619 1833 1779 1881 scripta
1809 1831 1925 1871 libris
1971 1835 2086 1884 typis
2117 1843 2190 1875 ex-

329 1902 447 1938 cusis
478 1900 546 1938 vel
577 1899 797 1939 fasciculis
828 1900 908 1939 illis
940 1899 1233 1939 archivalibus
1265 1898 1502 1952 adligata.³)
1565 1899 1663 1953 Quo
1694 1899 1755 1949 fit,
1787 1904 1834 1940 ut
1864 1900 1932 1940 hic
1964 1902 2190 1953 catalogus

330 1967 443 2007 2830
474 1972 697 2008 currentes
739 1979 946 2008 numeros
987 1969 1190 2008 librorum
1232 1972 1543 2009 recensitorum
1586 1973 1815 2019 contineat,
1859 1981 2043 2023 quorum
2075 1982 2191 2012 unus

330 2037 461 2085 (2429
494 2041 601 2090 sign.
635 2037 743 2078 XIV.
777 2038 828 2077 A.
867 2037 935 2089 16)
966 2049 1083 2078 nunc
1115 2041 1157 2078 in
1189 2041 1479 2078 universitatis
1525 2040 1701 2080 archivo
1743 2044 1822 2089 est,
1865 2043 2004 2080 ceteri*
2035 2051 2192 2081 omnes

333 2109 565 2158 signaturis
596 2110 790 2147 instructi
822 2107 928 2147 locis
961 2110 1053 2147 suis
1100 2111 1297 2158 prostant
1327 2111 1494 2159 praeter
1523 2111 1743 2148 nonnulos
1786 2111 2076 2160 pretiosioreS,
2119 2111 2192 2161 qui

335 2178 566 2228 signaturis
599 2188 687 2216 non
720 2179 895 2216 mutatis
927 2179 1035 2216 inter
1065 2177 1233 2216 cimelia
1262 2179 1427 2217 vitrinis
1458 2178 1627 2218 inclusa
1656 2177 1990 2227 asservantur.⁴)

468 2261 589 2303 Sicut
619 2263 763 2302 media
794 2266 933 2303 aetate
965 2265 1111 2302 omnia
1141 2262 1227 2302 fere
1271 2263 1502 2303 litterarum
1535 2263 1679 2303 studia
1709 2264 1825 2315 apud
1856 2265 2035 2305 clericos
2067 2265 2191 2305 flore-

331 2331 447 2380 bant,
494 2331 550 2371 ad
582 2343 694 2383 quos
727 2335 855 2372 etiam
903 2334 1229 2371 universitatum
1261 2335 1378 2372 initia
1422 2332 1647 2372 referenda
1678 2336 1792 2382 sunt,
1839 2336 1896 2373 ita
1927 2336 2071 2374 omnis
2103 2333 2191 2374 fere

332 2401 531 2440 codicum
565 2412 698 2440 manu
730 2404 985 2452 scriptorum
1013 2401 1295 2440 bibliothecae
1328 2410 1502 2441 nostrae
1534 2404 1659 2453 copia
1691 2414 1714 2440 e
1751 2403 1942 2454 collegiis
1988 2404 2190 2443 ecelesia-

335 2472 454 2510 sticis
485 2473 560 2509 aut
590 2474 707 2510 recta
736 2473 806 2509 via
837 2474 911 2510 aut
941 2473 1187 2511 circuitione
1219 2470 1408 2522 quadam
1441 2473 1647 2521 provenit.
1686 2470 1882 2523 Quorum
1914 2473 2191 2524 collegiorum

333 2550 432 2579 cum
464 2551 623 2590 magna
654 2550 754 2590 pars
786 2542 871 2578 iam
920 2540 1040 2579 bellis
1072 2540 1125 2579 de
1158 2540 1360 2591 religione
1393 2551 1509 2580 saec.
1555 2539 1635 2579 XV
1665 2543 1708 2580 in
1740 2540 1950 2581 Bohemia
1996 2545 2191 2582 saevien-

335 2609 449 2648 tibus
481 2619 568 2648 una
599 2619 698 2648 cum
734 2611 825 2648 suis
859 2609 1127 2649 bibliothecis
1159 2609 1340 2660 perierit,
1387 2612 1676 2660 antiquissimi
1709 2621 1858 2650 eorum
1891 2610 2066 2651 codices
2097 2623 2190 2663 per-

332 2680 457 2729 pauci
489 2677 606 2728 apud
640 2689 722 2717 nos
755 2682 1002 2729 supersunt.
1035 2678 1102 2717 Ex
1123 2689 1273 2718 eorum
1295 2689 1476 2718 numero
1500 2682 1567 2718 est
1588 2673 1949 2730 pretiosissimum
1973 2681 2188 2731 evangeli-

485 2824 520 2876 2)
552 2829 593 2866 Si
624 2831 739 2875 igitur
782 2831 822 2865 in
867 2830 1046 2875 catalogo
1080 2834 1213 2866 nostro
1246 2830 1530 2876 signaturarum
1562 2831 1682 2867 series
1712 2834 1860 2877 passim
1891 2833 2191 2880 interrumpitur,

332 2888 489 2924 omissis
521 2888 731 2934 signaturis
763 2888 918 2923 codices
951 2898 1030 2923 non
1060 2887 1203 2923 latinos
1236 2890 1441 2924 denotatos
1473 2898 1559 2924 esse
1591 2888 1792 2926 sciendum
1824 2894 1896 2927 est.

485 2951 517 3006 3)
550 2955 837 3002 Opusculorum
869 2966 962 2991 vero
993 2956 1203 2992 latinorum
1235 2957 1438 2993 codicibus
1469 2957 1684 2993 bohemicis
1717 2962 1754 2994 et
1773 2960 2004 3004 germanicis
2041 2961 2192 2996 admix-

332 3018 458 3050 torum
479 3017 578 3050 ratio
602 3024 678 3049 non
702 3014 877 3057 habetur,
910 3024 1008 3059 quae
1040 3013 1080 3049 in
1111 3015 1301 3060 catalogis
1332 3016 1542 3050 eorundem
1574 3016 1754 3052 codicum
1785 3020 1896 3052 erunt
1918 3018 2192 3063 perscribenda

332 3076 369 3108 et
400 3073 607 3118 separatim
640 3071 862 3106 indicanda.

485 3134 519 3186 4)
550 3140 711 3177 Brevem
743 3149 876 3174 eorum
907 3143 1161 3186 conspectum
1193 3140 1439 3176 bohemicum
1470 3141 1560 3176 vide
1590 3137 1756 3177 vestnik
1797 3130 1839 3178 C.
1873 3142 1920 3179 A.
1952 3108 2014 3180 X..
2043 3143 2193 3193 (1901)

330 3209 368 3245 p.
402 3197 639 3241 345—356,
687 3200 953 3243 germanicum
1000 3197 1269 3243 Mitteilungen
1310 3199 1346 3233 d.
1380 3199 1494 3238 oster,
1533 3198 1621 3236 Ver.
1655 3199 1678 3235 f.
1721 3198 2094 3238 Bibliothekswesen
2125 3201 2193 3239 VI.

333 3255 480 3304 (1902)
511 3266 548 3301 p.
586 3255 661 3291 102
696 3265 752 3300 sq.
787 3258 823 3289 et
853 3253 924 3290 VII
956 3254 1105 3301 (1903)
1136 3266 1173 3300 P.
1209 3254 1230 3290 5
1265 3265 1321 3301 sq.
