2476 3782
1120 256 1228 297 1065

379 405 491 460 1061
1040 394 1124 445 VI.
1164 393 1214 443 C.
1252 392 1298 441 3.

233 501 376 542 chart.
405 510 522 540 saec.
553 494 695 538 XVII
703 494 765 549 ff.
801 492 857 534 74
889 502 1029 537 num„
1060 487 1252 529 33><23
1282 496 1366 526 cm.
1401 485 1423 524 1
1457 495 1517 523 m.

239 580 421 622 »Notata
451 577 734 620 Corneliana<
778 574 849 627 (z
867 572 1099 622 Excerpta
1131 579 1190 609 ex
1221 565 1423 607 diversis
1459 563 1590 604 libris
1620 560 1897 613 theologicis
1928 563 1974 601 et
2004 571 2111 611 pro-

232 638 356 680 fanis
388 636 584 679 collecta
614 635 671 675 ab
701 631 909 674 Antonio
939 628 1190 670 Adalberto
1222 623 1406 672 cornel,
1438 623 1535 663 ord.
1558 621 1600 662 S.
1624 619 1874 668 Benedicti,
1906 618 2110 670 parocho

233 693 576 743 Lukawicensi‚
611 694 683 744 qui
715 693 844 731 etiam
874 687 1210 728 Testamentum
1254 693 1384 722 suum
1431 680 1649 732 originale,
1701 680 1998 729 conscriptum
2046 675 2107 715 17.

839 747 930 786 dec.
971 743 1092 791 1693,
1126 741 1264 783 codici
1297 742 1507 787 inseruit).

379 866 508 921 1062
1044 857 1127 908 VI.
1170 856 1215 906 C.
1252 855 1301 904 4.

235 962 484 1004 membran.
516 969 632 1000 saec.
666 956 784 999 XIV
808 956 866 997 in.
888 953 953 1007 ff.
984 953 1056 1003 80,
1085 949 1287 1003 34><24
1318 961 1400 990 cm.
1432 949 1455 989 1
1491 958 1549 987 m.

470 1037 865 1092 Antiphonarium
895 1035 1020 1076 notis
1053 1032 1246 1074 musicis
1277 1042 1360 1083 per
1388 1032 1541 1070 totum
1573 1027 1869 1067 instructum.

377 1155 509 1210 1⁰63
1049 1149 1134 1199 VI.
1176 1147 1223 1198 C.
1259 1148 1306 1196 5.

235 1251 380 1293 chart.
411 1262 454 1290 α.
486 1245 684 1300 1746ff.
718 1247 758 1295 7,
788 1245 980 1287 33><22
1010 1256 1094 1285 cm.
1115 1243 1138 1283 1
1174 1255 1234 1282 m.

232 1332 602 1373 Instrumentum
633 1327 806 1381 publici
838 1325 1008 1368 notarii
1039 1335 1183 1376 super
1226 1320 1543 1364 benedictione
1585 1322 1631 1359 et
1671 1316 1947 1358 infulatione
1994 1314 2109 1356 Tho-

233 1401 336 1431 mae
367 1388 502 1430 Girth
534 1388 583 1428 in
613 1387 829 1428 abbatem
850 1383 1078 1427 canoniae
1105 1380 1438 1429 Carloviensis‚
1469 1379 1658 1430 peracta
1677 1374 1894 1416 Wolinae
1913 1373 1983 1415 26.
2017 1373 2108 1414 ian.

235 1445 346 1489 1745
375 1471 434 1476 -
465 1445 699 1498 copiatum
730 1447 777 1485 et
821 1455 928 1486 cum
974 1440 1187 1493 originali
1233 1439 1454 1481 collatum
1500 1448 1538 1477 a.
1591 1432 1714 1474 1746.
1776 1434 1960 1482 (Inserta
2007 1436 2110 1471 sunt

232 1509 519 1548 instrumenta
549 1505 874 1551 nominationis,
904 1502 1198 1546 investiturae,
1233 1497 1526 1549 deputationis
1560 1503 1640 1532 seu
1673 1492 1970 1543 delegationis,
1996 1493 2113 1530 iura-

1091 1559 1256 1604 menti.)

373 1635 506 1673 Codex
537 1635 601 1671 hic
631 1634 716 1670 sine
749 1633 870 1669 dubio
902 1643 922 1668 e
955 1629 1125 1668 canonia
1156 1628 1312 1664 Carlov.
1345 1626 1532 1673 provenit.

375 1757 509 1813 1⁰64
1069 1754 1154 1804 VI.
1194 1752 1246 1803 C.
1283 1753 1331 1800 6.

234 1853 378 1895 chart.
410 1865 455 1894 a.
485 1853 597 1893 1771
625 1851 678 1906 ff.
709 1850 808 1899 245,
838 1849 1025 1891 33><21
1060 1860 1141 1888 cm.
1174 1847 1196 1887 1
1232 1858 1292 1887 m.

236 1933 447 1986 »Triplex
468 1930 693 1974 Ciechico
713 1931 922 1973 Bohemo
942 1930 1151 1981 Pragena
1172 1928 1309 1969 Laus.
1343 1926 1481 1977 Praga
1502 1923 1773 1978 Quadriurbs
1795 1921 2107 1962 Hradezanum

233 1991 459 2044 Metropoli
490 1991 776 2031 adnumerata
807 1990 892 2029 hoc
925 1988 1074 2029 seculo
1106 1985 1237 2026 XVIII
1270 1985 1354 2025 sub
1375 1983 1513 2023 Maria
1531 1982 1713 2023 Teresia
1740 2013 1748 2022 .
1775 2012 1784 2021 .
1811 2013 1821 2022 .
1846 1991 1902 2020 ex
1924 1980 2108 2019 diversis

235 2053 491 2102 scriptorum
524 2050 714 2089 historiis
746 2051 953 2099 excerpta
979 2078 984 2084 .
1014 2079 1022 2086 .
1050 2076 1060 2086 .
1085 2046 1335 2095 conscripta
1364 2054 1391 2081 a
1419 2041 1471 2082 T.
1504 2041 1540 2082 J.
1574 2040 1624 2081 K.
1658 2038 1706 2081 C.
1740 2038 1788 2079 R.
1822 2038 1867 2078 L.
1910 2037 2109 2090 (Thoma

231 2107 412 2150 Joanne
442 2107 597 2148 Kraus
628 2105 853 2148 canonico
885 2103 1086 2156 regulari
1115 2102 1346 2152 Lateran.)
1378 2112 1416 2141 a.
1449 2100 1490 2139 d.
1527 2097 1677 2139 1771.‹
1714 2098 1789 2150 (z
1806 2095 2017 2138 Historia
2037 2106 2108 2136 ec·

234 2165 481 2207 elesiarum
528 2169 574 2206 et
629 2163 1022 2206 monasteriorum
1066 2159 1371 2213 Pragensium
1417 2157 1696 2198 solummodo
1753 2155 2107 2196 memorabilibus

235 2235 350 2264 saec.
382 2222 515 2264 XVIII
545 2221 760 2275 insignis).

371 2294 510 2332 Textui
541 2295 689 2342 passim
722 2294 979 2340 inglutinatae
1012 2296 1103 2328 sunt
1135 2291 1263 2328 variae
1294 2291 1485 2337 imagines
1518 2289 1596 2326 aeri
1619 2289 1782 2332 incisae,
1814 2287 1924 2325 libris
1946 2289 2108 2335 impres-

235 2355 290 2390 sis
326 2355 540 2390 desumtae.

377 2464 508 2518 1065
1077 2462 1157 2512 Vl.
1199 2462 1247 2513 C.
1289 2464 1332 2513 7.

236 2557 486 2601 membran.
519 2569 634 2598 saec.
655 2557 772 2598 XIV
786 2557 852 2610 ff
874 2559 955 2600 131
990 2570 1110 2598 num.
1146 2557 1279 2609 (recte
1307 2557 1423 2610 130),
1453 2558 1511 2599 32
1529 2558 1645 2598 ><23
1667 2569 1750 2598 cm.
1788 2558 1811 2598 1
1846 2570 1902 2598 m.

234 2638 466 2681 Johannis
495 2637 692 2681 Diaconi
723 2639 779 2680 de
811 2639 1122 2689 institutione,
1153 2638 1264 2689 vita,
1297 2639 1507 2680 doctrina
1537 2639 1638 2679 sive
1671 2639 1908 2680 miraculis
1930 2640 1971 2679 b.
1996 2638 2106 2680 Gre-

747 2698 865 2749 gorii
896 2697 1093 2738 Romani
1123 2695 1358 2749 pontificis
1388 2696 1493 2738 libri
1523 2696 1597 2737 IV.

374 2765 402 2806 f.
435 2765 485 2804 2ει
519 2766 589 2807 »In
620 2770 794 2807 nomine
827 2779 862 2808 s.
896 2772 939 2808 et
968 2768 1055 2808 ind.
1088 2770 1212 2807 trinit.
1260 2769 1406 2818 incipit
1451 2768 1658 2818 prologus
1691 2767 1861 2807 diaconi
1893 2767 2106 2807 Johannis

235 2824 291 2863 ad
322 2823 566 2863 Johannem
598 2828 997 2866 reverentissimum
1029 2828 1131 2874 (sic)
1173 2829 1323 2865 sancte
1364 2826 1604 2876 apostolice
1652 2825 1772 2865 sedis
1824 2826 2099 2878 pontificem«

238 2911 283 2922 ..
310 2913 318 2919 .
351 2881 378 2921 f.
410 2881 459 2920 4a
496 2880 756 2934 »Gregorius
787 2895 944 2935 genere
977 2894 1186 2923 romanus
1218 2887 1307 2923 arte
1340 2883 1652 2934 philosophus«
1692 2884 1743 2934 ><
1791 2883 1818 2922 s.
1856 2882 1957 2924 131a
1994 2884 2106 2923 ›sal-

236 2941 309 2978 tim
340 2939 474 2978 verba
505 2950 588 2991 que
619 2941 744 2981 valeo
776 2944 951 2982 minime
984 2942 1231 2992 denegasse
1263 2952 1545 2992 cognoscar«

380 3009 423 3045 In
455 3009 521 3046 fol.
554 3011 691 3047 ultimo
722 3012 893 3059 adligato
926 3023 1005 3049 non
1038 3023 1144 3049 num.
1178 3014 1275 3049 haec
1307 3017 1400 3048 nota
1441 3015 1630 3049 occurrit:
1696 3012 1834 3049 »Liber
1880 3015 2106 3049 monasterii

238 3069 378 3103 domus
410 3068 446 3106 b.
478 3066 605 3114 Egidii
637 3069 917 3107 canonicorum
949 3071 1183 3117 regularium
1215 3073 1255 3107 in
1287 3070 1505 3116 Witignaw
1536 3071 1635 3107 alias
1667 3071 1706 3107 in
1737 3068 1913 3107 Triebon
1946 3081 2105 3118 compa-

237 3129 343 3160 ratus
375 3134 441 3171 per
472 3125 623 3162 nobiles
654 3127 836 3164 dominos
867 3130 914 3164 de
946 3128 1183 3175 Rosemberg
1227 3128 1373 3176 primos
1421 3128 1546 3175 ipsius
1578 3130 1805 3165 monasterii
1836 3128 2102 3166 fundatores«

237 3181 384 3246 Deinde
416 3183 541 3219 codex
572 3183 642 3220 fuit
673 3184 932 3222 bibliothecae
964 3186 1286 3232 Rosenbergicae,
1334 3190 1376 3222 ut
1407 3187 1521 3222 docet
1552 3186 1706 3233 insigne
1738 3187 1804 3223 fol.
1843 3187 1916 3223 131
1970 3186 2105 3233 adglu-

237 3243 415 3284 tinatum,
449 3250 497 3276 ex
528 3252 605 3287 qua
635 3243 836 3279 restitutus
868 3247 928 3280 est
960 3244 1220 3280 bibliothecae
1252 3245 1478 3281 monasterii
1515 3243 1793 3281 Tiebonensis.

1135 3391 1203 3423 ⁴39
