2476 3782
1285 262 1311 302 9

511 398 537 438 f.
570 394 776 438 622—851’
808 398 924 438 Idem
957 410 1082 450 opus,
1131 400 1219 440 scil.
1261 396 1369 441 Idea
1398 399 1758 448 Machiavellica‚
1808 400 2028 451 paululum
2076 400 2226 440 abbre-

367 459 540 496 viatum.
575 456 618 496 F.
651 456 821 496 86—89
851 467 1003 496 vacua.

509 514 535 553 f.
568 510 774 553 90⁸—95b
806 513 965 554 Sermo
996 514 1043 554 in
1075 515 1195 554 dom.
1239 514 1257 555 1
1287 518 1395 566 post
1440 517 1588 557 Pent.:
1623 515 1822 556 Sanctus
1855 514 2222 567 Quodvultdeus,

365 578 498 622 (5366.
532 571 695 622 XVIII).

508 629 534 668 f.
567 624 801 668 962—11111
848 627 1097 680 Pragensis
1143 629 1519 672 canonizationis
1565 630 1613 672 B.
1657 630 1856 683 Joannis
1906 629 2222 678 Nepomuceni

365 685 611 726 Sacerdotis
644 685 849 726 Canonici
882 688 1115 727 saecularis
1147 692 1189 727 et
1218 687 1418 740 Martyris
1451 688 1700 736 (institutio
1733 700 1760 729 a
1802 685 1921 730 Sede
1950 687 2224 739 Apostolica

365 744 681 798 praescripta).
715 743 857 795 (Saec.
890 744 1053 792 XVIII.)
1088 745 1185 785 Duo
1218 746 1492 796 exemplaria.

509 804 549 840 F.
583 804 634 839 62
667 804 764 840 haec
795 808 886 840 nota
918 806 1104 843 occurrit:
1138 805 1206 841 Est
1237 810 1452 842 conventus
1478 801 1517 843 S.
1541 805 1766 842 Wenceslai
1798 805 2043 851 Neo-Pragae
2065 805 2225 841 fratrum

364 860 518 898 Eremit.
550 861 687 899 discal.
720 854 759 897 S.
791 861 1015 907 Augustini.

503 972 535 1026 9
1167 974 1207 1024 I.
1245 974 1308 1024 A.
1344 975 1395 1024 8.

362 1066 506 1107 chart.
537 1077 653 1106 saec.
685 1064 850 1107 XVIII
875 1066 1020 1119 (circa
1050 1067 1193 1118 1721),
1227 1067 1554 1120 autographus,
1595 1079 1625 1108 a
1655 1068 1683 1107 2
1712 1067 1890 1117 scribis,
1920 1068 2105 1108 auctore
2134 1069 2222 1120 ope·

362 1123 429 1164 ris
460 1124 539 1164 lat.
572 1126 611 1164 et
642 1124 874 1177 interprete
898 1125 1163 1177 germanico
1178 1125 1240 1178 ff
1274 1126 1358 1166 133
1389 1137 1510 1165 num.
1542 1125 1730 1166 30><21
1766 1137 1849 1165 cm.

507 1205 534 1245 s.
572 1206 612 1245 1·
643 1205 830 1257 (Titulus)
861 1205 1152 1257 Geographia
1181 1206 1431 1247 Bohemiae
1464 1210 1509 1246 et
1529 1206 1767 1247 Moraviae
1795 1207 2108 1247 subterranea.
2131 1206 2158 1247 f.
2181 1206 2228 1246 2·

362 1262 605 1314 Registrum
638 1266 779 1314 operis
813 1268 1018 1314 spectans
1049 1264 1105 1303 ad
1137 1276 1320 1315 mappas
1354 1265 1582 1316 quasdam,
1616 1276 1727 1315 quae
1760 1264 2060 1304 desiderantur
2089 1267 2132 1304 in
2154 1275 2225 1305 co-

362 1321 456 1360 dice
487 1325 651 1361 nostro.
684 1321 711 1360 f.
744 1320 770 1360 3
801 1332 1003 1361 vacuum.
1036 1321 1063 1361 f.
1096 1318 1245 1361 4⁸—6b
1278 1322 1500 1361 Praefatio.
1533 1321 1740 1362 Vorrede.
1774 1322 1801 1362 f.
1827 1318 2034 1362 7⁵—130b
2055 1321 2224 1362 Textus

362 1381 503 1429 operis
536 1390 635 1418 cum
667 1379 866 1430 parallela
897 1382 1091 1419 strictiori
1122 1382 1466 1431 interpretatione
1507 1382 1767 1431 germanica.
1828 1379 1946 1430 (Dim.
1978 1393 2068 1428 pars
2100 1382 2166 1419 inf.
2200 1382 2224 1419 f.

367 1438 443 1475 100
476 1443 625 1475 resecta
656 1436 746 1488 est.)
778 1436 804 1476 f.
844 1433 1103 1477 131⁸—133b
1133 1438 1267 1478 Index
1298 1449 1440 1477 rerum
1473 1438 1786 1489 alphabeticus
1831 1441 2038 1488 spectans
2081 1438 2226 1477 solum

363 1494 419 1533 ad
450 1497 616 1534 textum
648 1495 839 1534 latinum.

507 1554 548 1590 F.
582 1548 655 1591 78b
686 1558 723 1590 et
756 1555 827 1590 92⁵
858 1557 1023 1591 occurrit
1054 1566 1088 1591 a.
1127 1556 1246 1595 1721,
1281 1566 1358 1601 quo
1391 1565 1492 1601 opus
1523 1556 1589 1592 lat.
1622 1555 1888 1601 conscriptum
1920 1559 1990 1593 est.
2038 1554 2228 1601 Interpre-

362 1614 456 1647 tatio
490 1622 608 1658 germ.
640 1612 772 1659 paullo
804 1616 893 1658 post
924 1613 1075 1649 videtur
1105 1623 1191 1648 esse
1223 1614 1448 1649 subsecuta.

505 1723 559 1776 10
605 1724 640 1775 ΙΙ
1166 1724 1205 1773 I.
1244 1724 1306 1773 A.
1345 1726 1390 1773 9.

365 1814 540 1857 Codices
570 1818 657 1856 duo
690 1817 830 1857 chart.
863 1820 1039 1870 autogr.
1074 1830 1115 1859 α.
1139 1817 1253 1858 1758
1282 1817 1468 1866 exarati,
1501 1829 1697 1869 quorum
1729 1818 1847 1858 alter
1871 1818 1970 1861 201.
2001 1818 2119 1858 alter
2138 1818 2219 1859 151

348 1873 409 1927 ff
443 1885 564 1914 uum.
596 1875 784 1915 35><22
815 1887 898 1915 cm.
937 1877 1056 1915 tenet.

503 1955 819 1996 »Adminicula
849 1955 1030 2006 poetica
1075 1968 1130 1995 ex
1174 1958 1302 1995 variis
1348 1955 1601 1994 authoribus
1646 1958 1786 2006 poetis
1819 1956 1998 1996 collecta
2029 1966 2107 2007 pro
2138 1966 2226 1996 usu

362 2015 479 2052 vario
512 2014 759 2063 elogiastico
793 2045 801 2053 .
837 2045 844 2052 .
880 2046 887 2053 .
916 2014 1042 2065 juxta
1073 2013 1325 2053 methodum
1368 2012 1579 2052 Gabrielis
1626 2012 1922 2065 Rzaczynsky
1968 2012 2011 2054 S.
2058 2013 2093 2054 J.
2127 2044 2136 2054 .
2170 2045 2180 2054 .
2213 2044 2224 2054 .

361 2071 540 2110 authore
570 2073 776 2122 Josepho
806 2071 1006 2112 Ernesto
1036 2071 1258 2119 Barisien‚
1295 2074 1386 2110 viro
1419 2071 1754 2110 ecclesiastico«

499 2130 542 2166 In
574 2131 637 2169 fol.
671 2142 750 2167 non
781 2142 887 2168 num.
919 2132 1074 2167 titulum
1104 2133 1356 2178 praecedente
1388 2132 1556 2167 occurrit
1586 2135 1702 2167 nota:
1735 2131 1849 2167 Dono
1881 2133 1996 2167 datus
2029 2141 2076 2167 ex
2107 2132 2224 2167 bene-

360 2188 538 2224 volentia·
562 2190 664 2225 adm.
697 2199 773 2225 rev.
806 2200 852 2225 ac
868 2199 997 2226 vener.
1029 2189 1073 2226 D.
1105 2189 1187 2225 JOS.
1218 2189 1394 2225 Barisien
1427 2199 1531 2225 anno
1569 2189 1690 2225 1766.
1751 2188 1810 2224 Ex
1857 2189 1949 2225 bibl.
1997 2189 2086 2225 coll.
2131 2188 2223 2225 Soc.

361 2245 454 2281 Jesu
486 2245 761 2292 Neo-Pragena
793 2248 841 2282 ad
874 2246 912 2282 S.
945 2247 1151 2293 Ignatium.

505 2358 556 2410 12
1145 2358 1183 2407 I.
1223 2358 1284 2407 A.
1323 2358 1405 2407 IO.

362 2451 505 2492 chart.
538 2454 716 2505 autogr.
749 2464 791 2491 α.
825 2451 1012 2504 1753ff.
1045 2450 1128 2491 114
1160 2464 1281 2491 num.
1314 2452 1502 2492 35><21
1537 2463 1620 2491 cm.

367 2531 713 2583 »Repertorium
733 2528 1259 2572 Historico-Oratorium
1279 2532 1327 2572 in
1349 2532 1622 2583 praecipuas
1662 2532 2086 2583 Manuscriptorum
2125 2531 2224 2573 Ma·

361 2589 517 2640 terias,
563 2589 737 2641 Elogiis
769 2601 860 2641 qua
888 2589 1106 2630 Virorum
1152 2601 1242 2640 qua
1271 2589 1598 2630 Foeminarum
1642 2590 1976 2630 inservituras«
2027 2589 2222 2642 (auctore

932 2647 1141 2698 Josepho
1171 2646 1370 2688 Ernesto
1400 2647 1641 2698 Barisien).

501 2707 647 2744 Auctor
677 2711 713 2743 et
744 2708 908 2754 scriptor
938 2708 977 2743 in
1008 2707 1120 2744 titulo
1151 2718 1230 2743 non
1261 2709 1458 2754 reperitur,
1491 2709 1559 2743 sed
1591 2708 1624 2743 si
1655 2707 1868 2743 contuleris
1901 2707 2077 2743 codicem
2112 2716 2222 2752 prae-

362 2767 560 2801 cedentem
591 2765 638 2811 (Ι.
670 2766 717 2801 A.
752 2766 794 2811 9)
826 2769 864 2801 et
895 2767 1189 2811 subsequentes,
1236 2765 1338 2801 facili
1370 2766 1594 2801 coniectura
1624 2763 1658 2802 J.
1690 2764 1733 2801 E.
1767 2764 1811 2801 B.
1856 2774 2062 2810 agnosces,
2110 2774 2224 2810 prae-

361 2827 489 2859 sertim
523 2834 611 2859 cum
642 2824 743 2859 idem
774 2827 952 2859 occurrat
983 2823 1130 2859 codicis
1162 2823 1328 2858 donator
1359 2833 1393 2859 3.
1432 2823 1537 2859 1766
1580 2823 1618 2858 in
1661 2822 1726 2858 fol.
1774 2823 1830 2858 tit.
1873 2823 2138 2868 praecedente.
2162 2821 2222 2858 Ex

362 2882 453 2917 bibl.
487 2881 575 2919 coll.
610 2880 651 2918 S.
684 2880 717 2916 J.
750 2880 1069 2926 Neo-Pragensis,

504 2992 557 3045 13
1147 2991 1184 3041 Ι.
1222 2991 1284 3040 Α.
1321 2991 1402 3040 11.

361 3087 500 3127 chart.
534 3089 712 3139 autogr.
745 3098 788 3127 a.
822 3087 935 3127 1763
949 3085 1010 3139 ff
1042 3087 1128 3126 103
1157 3097 1279 3125 num.
1309 3086 1370 3126 35
1383 3087 1425 3123 ><
1442 3085 1499 3125 22
1527 3097 1609 3125 cm.

503 3166 606 3208 »SS.
638 3167 814 3218 aliquot
844 3169 1031 3207 Patrum
1062 3170 1108 3206 et
1138 3165 1424 3216 Scriptorum
1453 3165 1685 3206 Ecclesiae
1716 3176 1856 3216 opera
1887 3164 1934 3205 in
1956 3176 2101 3205 unum
2132 3166 2224 3206 hoe

360 3236 555 3276 parvum
585 3225 812 3265 volumen
843 3227 1003 3265 coacta
1023 3236 1050 3264 a
1069 3223 1114 3264 J.
1133 3223 1182 3264 E.
1199 3223 1274 3267 Β.«
1306 3223 1532 3274 (Josepho
1548 3223 1748 3263 Ernesto
1764 3222 2004 3273 Barisien).
2032 3222 2222 3274 Pragae.

1281 3372 1304 3403 4
