2476 3782
2024 230 2086 262 XV

209 371 415 423 Decalogi
444 369 536 410 Joa.
568 368 774 419 Vicleph‹
809 367 894 406 hoc
926 366 1037 406 falso
1066 368 1187 407 titulo
1210 370 1431 408 instruxit:
1469 368 1642 409 »Jacobi
1665 370 1718 408 de
1743 368 1856 409 Misa
1879 369 2086 410 Defensio

207 441 299 482 libri
330 441 599 492 dialogorum
628 436 720 477 Joa.
753 434 1006 487 Wiclephi.‹
1044 434 1158 487 Quin
1190 439 1319 477 etiam
1351 440 1393 477 in
1425 438 1576 478 codice
1603 437 1712 478 1805
1743 437 1812 486 (X.
1841 439 1890 478 A.
1915 439 1957 486 2,
1980 444 2080 479 ante

207 509 258 551 Y,
288 509 333 551 11,
365 509 407 550 4,
438 521 479 549 ῃ,
512 506 571 558 2,)
619 505 869 546 ›Albertum
901 503 1036 544 filium
1069 504 1328 545 Rokizanis«
1366 506 1414 556 (l)
1447 509 1620 551 invenit,
1669 518 1938 559 quamquam
1970 511 2077 548 anti-

209 590 324 632 quus
346 578 571 629 catalogus
595 578 709 616 recte
730 577 852 626 ponit
877 573 1164 614 ›Ranconis«.
1189 573 1307 614 Licet
1327 579 1475 615 autem
1498 575 1878 617 Zimmermannus
1903 580 2086 617 monstri

210 648 452 688 simillimus
481 644 618 684 fuisse
648 643 857 692 videatur,
891 647 1037 684 tamen
1067 654 1157 684 non
1179 646 1322 684 ausim
1354 648 1416 684 tot
1447 649 1489 685 et
1510 649 1725 686 tantarum
1749 646 2081 695 mutilationum,

211 728 323 770 quae
354 718 399 757 in
428 714 655 755 codicibus
687 715 848 753 nostris
880 717 1124 762 occurrunt,
1154 724 1257 753 eum
1289 715 1552 762 insimulare,
1595 719 1865 767 quantopere
1901 714 2086 755 Hanslik

210 787 255 840 (l.
285 796 322 827 c.
358 783 456 836 123)
500 783 776 832 insimulavit,
808 793 909 822 cum
941 783 1044 823 mihi
1076 785 1367 834 persuaserim
1412 785 1658 835 complures
1691 785 1868 824 codices
1891 789 2084 837 tempore

209 854 346 904 multo
375 855 612 894 vetustiore
643 856 686 892 et
715 855 882 904 passim
914 863 967 892 eo
999 853 1181 892 consilio
1213 854 1435 893 mutilatos
1468 864 1584 902 esse,
1617 858 1666 894 ut
1694 855 1899 906 incogniti
1922 867 1949 894 a
1972 854 2088 895 furo-

208 924 328 967 ribus
358 922 693 972 vindicarentur.
736 920 825 962 Sed
856 924 1078 974 utcunque
1111 933 1159 962 se
1191 933 1261 961 res
1292 922 1434 970 habet,
1467 922 1511 962 id
1542 926 1706 963 certum
1739 928 1818 972 est,
1866 927 1901 964 si
1934 923 2088 965 Scher-

208 993 394 1035 schnikii
414 993 659 1044 catalogum
681 994 1016 1043 comparaveris,
1050 991 1451 1032 Zimmermannum
1473 995 1516 1032 in
1538 992 1838 1033 describendis
1861 994 2088 1034 codicibus

207 1073 361 1116 pamm
402 1060 655 1114 profecisse,
702 1064 750 1100 ut
781 1071 889 1100 sane
921 1062 1085 1100 mireris
1117 1062 1212 1100 eius
1244 1061 1491 1112 catalogum
1523 1064 1622 1100 usui
1653 1066 1697 1101 et
1726 1061 1975 1102 officialium
2020 1064 2087 1103 bi-

208 1132 450 1174 bliothecae
482 1134 524 1171 et
552 1133 744 1171 virorum
775 1130 1055 1170 litteratorum
1087 1131 1298 1181 tantisper
1327 1132 1579 1170 inservisse.

352 1235 556 1277 Attamen
586 1235 630 1275 hi
661 1237 841 1287 utrique,
874 1238 922 1274 ut
951 1235 1020 1274 hic
1053 1235 1277 1286 catalogus
1311 1235 1464 1275 saltem
1497 1247 1552 1275 ex
1573 1237 1717 1288 aliqua
1750 1240 1868 1287 parte
1901 1239 2086 1288 corrige-

208 1310 324 1348 retur
353 1309 396 1346 et
426 1305 709 1358 suppleretur,
741 1305 809 1344 alii
839 1305 960 1344 aliter
990 1304 1252 1356 procedente
1285 1308 1479 1357 tempore
1521 1316 1698 1357 operam
1746 1306 1919 1346 dabant.
1974 1306 2086 1348 Cum

206 1379 293 1417 iam
323 1375 509 1416 Hanslik
538 1376 582 1414 in
612 1374 718 1414 libro
751 1385 834 1414 suo
865 1375 1113 1425 complures
1145 1374 1322 1414 codices
1354 1377 1633 1426 pretiosiores
1677 1375 1996 1427 descripsisset,
2027 1379 2090 1416 vir

208 1445 513 1487 celeberrimus
545 1443 589 1484 P.
621 1443 657 1484 J.
689 1429 872 1495 Safarik‚
905 1444 1190 1484 bibliothecae
1223 1443 1482 1496 praefectus,
1515 1446 1730 1496 opuscula
1752 1446 1954 1486 codicum
1979 1446 2086 1485 mis-

207 1515 497 1556 cellaneorum
519 1513 702 1564 catalogi
724 1511 1135 1553 Zimmermanniani
1159 1513 1448 1554 exscribenda
1470 1517 1512 1553 et
1533 1514 1778 1554 secundum
1802 1516 2081 1567 alphabetum

208 1583 450 1626 ordinanda
494 1585 671 1630 curavit,
718 1585 791 1634 qui
822 1583 1047 1634 catalogus
1080 1583 1303 1623 schedulis
1334 1587 1568 1623 contextus
1600 1584 1745 1624 adhuc
1777 1588 1940 1625 exstat.
2002 1584 2085 1626 Cui

207 1655 426 1705 successit
457 1656 662 1693 strenuus
693 1655 758 1692 vir
787 1651 822 1692 J.
855 1649 1025 1702 Hanus,
1068 1655 1141 1704 qui
1172 1654 1410 1704 permultas
1440 1653 1631 1693 schedas
1675 1654 1960 1706 descriptivas
1993 1666 2087 1694 cor—

205 1726 315 1764 rexit
344 1726 388 1764 et
416 1723 644 1775 supplevit,
696 1725 738 1763 in
770 1723 997 1763 codicibus
1029 1723 1186 1773 latiniS,
1234 1723 1352 1775 quod
1384 1724 1510 1763 valde
1543 1721 1780 1764 dolendum
1814 1727 1893 1772 est,
1942 1726 2087 1775 peiore

210 1804 321 1834 usus
352 1792 527 1834 fortuna
561 1803 694 1844 quam
724 1795 768 1833 in
799 1793 1053 1833 bohemicis.
1115 1791 1175 1833 Ut
1204 1793 1261 1833 ad
1293 1796 1526 1833 extraneos
1573 1797 1807 1842 transeam,
1855 1795 2082 1833 clarissimi

205 1863 409 1907 historiae
450 1865 714 1902 scrutatores
747 1861 870 1902 Pertz
911 1865 953 1902 et
971 1861 1275 1902 ‘Wattenbach
1316 1865 1402 1902 iam
1444 1874 1485 1903 a.
1522 1862 1747 1903 1847—49
1791 1866 1835 1903 in
1866 1863 2027 1903 Archiv
2057 1863 2085 1902 f.

206 1933 276 1973 alt.
309 1931 520 1972 deutsche
552 1930 714 1972 Gesch.
746 1931 816 1979 IX,
849 1931 1080 1971 469—472
1113 1935 1156 1972 et
1185 1931 1238 1981 X,
1270 1931 1502 1972 657—670
1533 1933 1712 1972 codices
1744 1937 1937 1982 nostros,
1973 1944 2086 1985 quos

207 2001 264 2042 ad
293 2002 516 2042 historiam
565 2005 762 2052 spectare
794 2003 837 2041 in
869 2000 1208 2042 Zimmermanni
1255 2002 1453 2052 catalogo
1502 2001 1786 2050 offenderant,
1838 2005 2084 2042 accuratius

209 2071 546 2124 descripserunt.
578 2070 667 2112 Sed
699 2075 742 2111 et
771 2074 1030 2111 nostratium
1063 2071 1306 2123 diligentiae
1339 2075 1381 2112 et
1402 2072 1551 2113 studio
1585 2073 1817 2124 plurimum
1854 2072 2083 2112 debemus

207 2139 285 2181 Vir
312 2143 530 2181 maximae
560 2141 798 2181 industriae
821 2140 868 2182 C.
892 2140 1043 2181 Hofler
1073 2152 1161 2182 non
1195 2142 1338 2181 solum
1360 2144 1403 2182 in
1435 2142 1640 2194 operibus
1674 2146 1766 2183 suis
1799 2142 2012 2194 (inprimis
2044 2144 2087 2182 in

211 2208 502 2270 Scriptoribus
535 2222 612 2251 rer.
645 2211 783 2250 husis.
817 2215 859 2251 et
890 2213 933 2251 in
951 2210 1156 2252 Conciliis
1187 2211 1498 2264 Pragensibus)
1536 2213 1696 2253 multos
1729 2212 1905 2253 codices
1940 2223 2086 2251 excer-

211 2282 310 2332 psit,
342 2280 423 2320 sed
454 2280 584 2320 etiam
616 2282 659 2320 in
689 2284 834 2320 vetere
866 2281 1065 2332 catalogo
1097 2283 1194 2333 ipso
1226 2281 1474 2333 complures
1506 2282 1653 2322 titulos
1685 2282 1955 2329 emendavit;
1999 2281 2088 2321 duo

210 2353 356 2390 autem
387 2350 457 2390 alii
487 2351 778 2390 universitatis
811 2350 1043 2402 Pragensis
1074 2351 1350 2403 professores
1393 2351 1648 2403 dignissimi,
1691 2352 1801 2392 Frid.
1836 2351 2014 2392 Schulte
2046 2355 2089 2391 et

209 2418 306 2462 Joh.
337 2418 470 2469 Kelle,
517 2419 694 2460 codices
741 2421 958 2473 quosdam
1004 2424 1182 2461 nostros
1229 2422 1520 2473 singularibus
1567 2424 1890 2462 commentariis
1931 2433 1958 2460 a
1998 2432 2086 2472 reg.

212 2486 370 2530 Societ.
402 2491 554 2530 scient.
586 2488 824 2530 Bohemica
854 2490 979 2530 editis
1010 2493 1338 2531 accuratissime
1380 2491 1716 2544 descripserunt,
1768 2493 1878 2531 alter
1911 2491 2088 2531 codices

211 2557 268 2598 ad
297 2561 366 2599 ius
397 2559 659 2599 canonicum
691 2563 942 2611 spectantes
973 2559 1101 2609 (>›Die
1133 2560 1490 2601 canonistischen
1522 2560 1862 2602 Handschriften
1884 2564 1928 2602 in
1951 2562 2081 2613 Prag«

212 2638 252 2668 a.
287 2627 427 2678 1868),
467 2629 573 2669 alter
612 2629 789 2670 codices
830 2632 1088 2682 scriptorum
1130 2633 1225 2670 aevi
1266 2633 1429 2683 antiqui
1469 2630 1598 2680 (›Die
1630 2630 1905 2671 klassischen
1937 2630 2088 2671 Hand-

214 2697 414 2738 schriften
455 2698 523 2738 bis
554 2698 711 2739 herauf
751 2709 853 2738 zum
898 2699 1181 2740 vierzehnten
1229 2699 1546 2740 Jahrhundert«
1581 2712 1618 2740 a.
1658 2700 1798 2746 1872).
1862 2701 2086 2740 Praeterea

213 2767 401 2808 eundem
432 2770 571 2808 virum
604 2768 909 2809 doctissimum
941 2768 976 2810 J.
1009 2769 1143 2820 Kelle,
1185 2772 1310 2810 cuius
1352 2770 1596 2822 diligentiae
1638 2770 1898 2810 bibliotheca
1937 2773 2088 2809 nostra

213 2839 341 2878 etiam
374 2836 543 2877 tabulas
573 2840 861 2878 vetustiorum
903 2838 1104 2879 codicum
1146 2842 1493 2891 germanicorum
1526 2842 1567 2879 in
1600 2838 1792 2891 Serapeo
1822 2839 1903 2880 XX
1935 2838 2084 2890 (1859)

213 2909 417 2959 acceptas
448 2906 587 2957 refert,
619 2909 662 2947 in
694 2908 892 2948 eiusdem
925 2908 1216 2960 ephemeridis
1249 2912 1380 2949 tomis
1412 2908 1668 2949 XX—XXII
1699 2912 1756 2959 (a.
1786 2907 2086 2961 1859—1861)

216 2977 460 3028 complures
492 2976 668 3016 codices
699 2977 870 3027 latinOS,
918 2978 1076 3030 quibus
1122 2981 1387 3031 interspersa
1419 2983 1521 3018 sunt
1566 2980 1780 3030 opuscula
1823 2981 2084 3030 germanica,

217 3047 469 3086 excussisse
501 3048 677 3086 minime
708 3047 1016 3099 negligendum
1049 3052 1166 3100 puto.

360 3145 448 3188 Sed
478 3153 678 3203 quamvis
709 3154 828 3192 omni
859 3152 987 3192 laude
1019 3152 1136 3203 digni
1155 3154 1241 3192 sint
1255 3154 1343 3201 viri,
1363 3154 1436 3204 qui
1469 3152 1651 3203 singulis
1673 3151 1898 3192 codicibus
1924 3154 2086 3192 nostris

217 3219 461 3257 accuratius
507 3211 803 3260 describendis
850 3232 1025 3273 operam
1074 3221 1281 3270 dederint,
1334 3225 1479 3261 tamen
1525 3221 1581 3271 id,
1629 3221 1747 3273 quod
1779 3224 1864 3260 iam
1901 3220 2086 3261 Hanslik
