<?xml version="1.0" encoding="UTF-8"?>
<!DOCTYPE html PUBLIC "-//W3C//DTD XHTML 1.0 Transitional//EN"
    "http://www.w3.org/TR/xhtml1/DTD/xhtml1-transitional.dtd">
<html xmlns="http://www.w3.org/1999/xhtml" xml:lang="en" lang="en">
 <head>
  <title>
</title>
<meta http-equiv="Content-Type" content="text/html;charset=utf-8" />
  <meta name='ocr-system' content='tesseract 3.04.00' />
  <meta name='ocr-capabilities' content='ocr_page ocr_carea ocr_par ocr_line ocrx_word'/>
</head>
<body>
  <div class='ocr_page' id='page_1' title='image "./cataloguscodicum01praguoft_0472.png"; bbox 0 0 2476 3782; ppageno 0'>
   <div class='ocr_carea' id='block_1_1' title="bbox 1287 313 1395 354">
    <p class='ocr_par' dir='ltr' id='par_1_1' title="bbox 1287 313 1395 354">
     <span class='ocr_line' id='line_1_1' title="bbox 1287 313 1395 354; baseline 0 -2"><span class='ocrx_word' id='word_1_1' title='bbox 1287 313 1395 354; x_wconf 86' lang='lat'>1094</span> 
     </span>
    </p>
   </div>
   <div class='ocr_carea' id='block_1_2' title="bbox 403 445 1527 581">
    <p class='ocr_par' dir='ltr' id='par_1_2' title="bbox 403 445 1527 581">
     <span class='ocr_line' id='line_1_2' title="bbox 547 445 1483 499; baseline 0.001 -1"><span class='ocrx_word' id='word_1_2' title='bbox 547 445 682 499; x_wconf 85' lang='grc'><em>1094</em></span> <span class='ocrx_word' id='word_1_3' title='bbox 1224 449 1298 499; x_wconf 90' lang='lat' dir='ltr'><strong>VI.</strong></span> <span class='ocrx_word' id='word_1_4' title='bbox 1337 450 1399 499; x_wconf 88' lang='lat' dir='ltr'><strong>D.</strong></span> <span class='ocrx_word' id='word_1_5' title='bbox 1435 452 1483 499; x_wconf 84' lang='lat'><strong>5.</strong></span> 
     </span>
     <span class='ocr_line' id='line_1_3' title="bbox 403 527 1527 581; baseline 0.006 -15"><span class='ocrx_word' id='word_1_6' title='bbox 403 527 546 567; x_wconf 78' lang='lat' dir='ltr'><strong>chart.</strong></span> <span class='ocrx_word' id='word_1_7' title='bbox 578 538 692 567; x_wconf 83' lang='lat' dir='ltr'><strong>saec.</strong></span> <span class='ocrx_word' id='word_1_8' title='bbox 726 527 818 567; x_wconf 90' lang='lat' dir='ltr'><strong>XV</strong></span> <span class='ocrx_word' id='word_1_9' title='bbox 827 527 889 581; x_wconf 84' lang='lat' dir='ltr'><em>ff</em></span> <span class='ocrx_word' id='word_1_10' title='bbox 921 529 1020 579; x_wconf 77' lang='lat'><strong><em>202,</em></strong></span> <span class='ocrx_word' id='word_1_11' title='bbox 1049 530 1153 571; x_wconf 66' lang='lat'><strong>295</strong></span> <span class='ocrx_word' id='word_1_12' title='bbox 1167 531 1278 572; x_wconf 89' lang='grc'><em>&gt;&lt;21</em></span> <span class='ocrx_word' id='word_1_13' title='bbox 1304 543 1386 573; x_wconf 86' lang='lat' dir='ltr'><strong>cm.</strong></span> <span class='ocrx_word' id='word_1_14' title='bbox 1419 533 1442 572; x_wconf 90' lang='lat'><strong><em>1</em></strong></span> <span class='ocrx_word' id='word_1_15' title='bbox 1469 545 1527 573; x_wconf 83' lang='lat' dir='ltr'><strong>m.</strong></span> 
     </span>
    </p>
   </div>
   <div class='ocr_carea' id='block_1_3' title="bbox 401 607 2267 822">
    <p class='ocr_par' dir='ltr' id='par_1_3' title="bbox 401 607 2267 822">
     <span class='ocr_line' id='line_1_4' title="bbox 401 607 2265 666; baseline 0.006 -19"><span class='ocrx_word' id='word_1_16' title='bbox 401 607 680 649; x_wconf 89' lang='lat' dir='ltr'>Sermonum</span> <span class='ocrx_word' id='word_1_17' title='bbox 726 609 1024 660; x_wconf 86' lang='lat' dir='ltr'><strong>antiquorum</strong></span> <span class='ocrx_word' id='word_1_18' title='bbox 1056 622 1121 652; x_wconf 91' lang='lat' dir='ltr'><strong>ss.</strong></span> <span class='ocrx_word' id='word_1_19' title='bbox 1153 616 1338 664; x_wconf 85' lang='lat' dir='ltr'><strong>patrum</strong></span> <span class='ocrx_word' id='word_1_20' title='bbox 1369 613 1424 654; x_wconf 92' lang='lat' dir='ltr'><strong>de</strong></span> <span class='ocrx_word' id='word_1_21' title='bbox 1454 617 1664 666; x_wconf 86' lang='lat' dir='ltr'><strong>tempore</strong></span> <span class='ocrx_word' id='word_1_22' title='bbox 1694 626 1803 666; x_wconf 86' lang='lat' dir='ltr'><strong>pars</strong></span> <span class='ocrx_word' id='word_1_23' title='bbox 1834 615 1896 656; x_wconf 92' lang='lat' dir='ltr'><strong>IV</strong></span> <span class='ocrx_word' id='word_1_24' title='bbox 1927 628 1953 657; x_wconf 87' lang='lat' dir='ltr'>a</span> <span class='ocrx_word' id='word_1_25' title='bbox 1984 617 2105 658; x_wconf 83' lang='lat' dir='ltr'><strong>festo</strong></span> <span class='ocrx_word' id='word_1_26' title='bbox 2127 629 2164 658; x_wconf 94' lang='lat' dir='ltr'><strong>s.</strong></span> <span class='ocrx_word' id='word_1_27' title='bbox 2186 619 2265 659; x_wconf 88' lang='lat' dir='ltr'><strong>tri-</strong></span> 
     </span>
     <span class='ocr_line' id='line_1_5' title="bbox 866 667 1801 721; baseline 0.006 -14"><span class='ocrx_word' id='word_1_28' title='bbox 866 667 1026 708; x_wconf 86' lang='lat' dir='ltr'><strong>nitatis</strong></span> <span class='ocrx_word' id='word_1_29' title='bbox 1058 680 1206 721; x_wconf 91' lang='lat' dir='ltr'><strong>usque</strong></span> <span class='ocrx_word' id='word_1_30' title='bbox 1238 672 1295 711; x_wconf 87' lang='lat' dir='ltr'><strong>ad</strong></span> <span class='ocrx_word' id='word_1_31' title='bbox 1327 671 1581 712; x_wconf 89' lang='lat' dir='ltr'><strong>adventum</strong></span> <span class='ocrx_word' id='word_1_32' title='bbox 1613 672 1801 714; x_wconf 87' lang='lat' dir='ltr'><strong>domini.</strong></span> 
     </span>
     <span class='ocr_line' id='line_1_6' title="bbox 538 725 2267 780; baseline 0.008 -20"><span class='ocrx_word' id='word_1_33' title='bbox 538 725 581 761; x_wconf 90' lang='lat' dir='ltr'><strong>ln</strong></span> <span class='ocrx_word' id='word_1_34' title='bbox 613 727 796 773; x_wconf 86' lang='lat' dir='ltr'><strong>operculo</strong></span> <span class='ocrx_word' id='word_1_35' title='bbox 829 737 955 774; x_wconf 88' lang='lat' dir='ltr'><strong>super.</strong></span> <span class='ocrx_word' id='word_1_36' title='bbox 988 729 1085 766; x_wconf 89' lang='lat' dir='ltr'><strong>haec</strong></span> <span class='ocrx_word' id='word_1_37' title='bbox 1117 735 1210 766; x_wconf 86' lang='lat' dir='ltr'><strong>nota</strong></span> <span class='ocrx_word' id='word_1_38' title='bbox 1243 742 1359 767; x_wconf 82' lang='lat' dir='ltr'><strong>manu</strong></span> <span class='ocrx_word' id='word_1_39' title='bbox 1392 742 1493 769; x_wconf 82' lang='lat' dir='ltr'><strong>saec.</strong></span> <span class='ocrx_word' id='word_1_40' title='bbox 1528 731 1601 768; x_wconf 92' lang='lat' dir='ltr'><strong>XV</strong></span> <span class='ocrx_word' id='word_1_41' title='bbox 1632 734 1775 780; x_wconf 85' lang='lat' dir='ltr'><strong>scripta</strong></span> <span class='ocrx_word' id='word_1_42' title='bbox 1799 735 1997 771; x_wconf 88' lang='lat' dir='ltr'><strong>occurrit:</strong></span> <span class='ocrx_word' id='word_1_43' title='bbox 2036 735 2172 772; x_wconf 84' lang='lat' dir='ltr'><strong>»Liber</strong></span> <span class='ocrx_word' id='word_1_44' title='bbox 2204 747 2267 773; x_wconf 88' lang='lat' dir='ltr'><strong>ec·</strong></span> 
     </span>
     <span class='ocr_line' id='line_1_7' title="bbox 401 783 873 822; baseline 0.008 -4"><span class='ocrx_word' id='word_1_45' title='bbox 401 783 517 818; x_wconf 86' lang='lat' dir='ltr'><strong>clesie</strong></span> <span class='ocrx_word' id='word_1_46' title='bbox 549 785 589 819; x_wconf 89' lang='lat' dir='ltr'><strong>in</strong></span> <span class='ocrx_word' id='word_1_47' title='bbox 619 784 873 822; x_wconf 86' lang='lat' dir='ltr'><strong>Bossulecz‹.</strong></span> 
     </span>
    </p>
   </div>
   <div class='ocr_carea' id='block_1_4' title="bbox 401 894 1635 1032">
    <p class='ocr_par' dir='ltr' id='par_1_4' title="bbox 401 894 1635 1032">
     <span class='ocr_line' id='line_1_8' title="bbox 539 894 1482 950; baseline 0.001 -2"><span class='ocrx_word' id='word_1_48' title='bbox 539 894 666 949; x_wconf 75' lang='lat'>1095</span> <span class='ocrx_word' id='word_1_49' title='bbox 1213 901 1296 949; x_wconf 90' lang='lat' dir='ltr'><strong>VI.</strong></span> <span class='ocrx_word' id='word_1_50' title='bbox 1334 901 1398 950; x_wconf 87' lang='lat' dir='ltr'><strong>D.</strong></span> <span class='ocrx_word' id='word_1_51' title='bbox 1437 903 1482 949; x_wconf 79' lang='grc'><strong>6.</strong></span> 
     </span>
     <span class='ocr_line' id='line_1_9' title="bbox 401 977 1635 1032; baseline 0.006 -16"><span class='ocrx_word' id='word_1_52' title='bbox 401 977 545 1017; x_wconf 84' lang='lat' dir='ltr'><em>chart.</em></span> <span class='ocrx_word' id='word_1_53' title='bbox 579 989 622 1017; x_wconf 86' lang='lat' dir='ltr'><strong>a.</strong></span> <span class='ocrx_word' id='word_1_54' title='bbox 655 977 771 1018; x_wconf 80' lang='lat'><em>1408</em></span> <span class='ocrx_word' id='word_1_55' title='bbox 793 978 847 1032; x_wconf 85' lang='lat' dir='ltr'><strong>ff.</strong></span> <span class='ocrx_word' id='word_1_56' title='bbox 879 979 966 1019; x_wconf 84' lang='grc'><strong>218</strong></span> <span class='ocrx_word' id='word_1_57' title='bbox 995 991 1133 1031; x_wconf 67' lang='lat' dir='ltr'><strong>num„</strong></span> <span class='ocrx_word' id='word_1_58' title='bbox 1165 982 1351 1023; x_wconf 84' lang='lat'><em>29&gt;&lt;21</em></span> <span class='ocrx_word' id='word_1_59' title='bbox 1386 994 1469 1023; x_wconf 85' lang='lat' dir='ltr'><strong>cm.</strong></span> <span class='ocrx_word' id='word_1_60' title='bbox 1501 983 1544 1023; x_wconf 88' lang='lat' dir='ltr'><strong>d.</strong></span> <span class='ocrx_word' id='word_1_61' title='bbox 1577 996 1635 1024; x_wconf 84' lang='lat' dir='ltr'><strong>m.</strong></span> 
     </span>
    </p>
   </div>
   <div class='ocr_carea' id='block_1_5' title="bbox 395 1059 2262 1406">
    <p class='ocr_par' dir='ltr' id='par_1_5' title="bbox 773 1059 1894 1116">
     <span class='ocr_line' id='line_1_10' title="bbox 773 1059 1894 1116; baseline 0.007 -17"><span class='ocrx_word' id='word_1_62' title='bbox 773 1059 963 1101; x_wconf 86' lang='lat' dir='ltr'><strong>Henrici</strong></span> <span class='ocrx_word' id='word_1_63' title='bbox 994 1061 1050 1102; x_wconf 89' lang='lat' dir='ltr'><strong>de</strong></span> <span class='ocrx_word' id='word_1_64' title='bbox 1080 1061 1306 1104; x_wconf 88' lang='lat' dir='ltr'><strong>Frimaria</strong></span> <span class='ocrx_word' id='word_1_65' title='bbox 1336 1063 1394 1116; x_wconf 83' lang='lat'><strong>(?)</strong></span> <span class='ocrx_word' id='word_1_66' title='bbox 1423 1064 1671 1116; x_wconf 85' lang='lat' dir='ltr'><strong>Expositio</strong></span> <span class='ocrx_word' id='word_1_67' title='bbox 1707 1065 1894 1107; x_wconf 90' lang='lat' dir='ltr'><strong>missae.</strong></span> 
     </span>
    </p>

    <p class='ocr_par' dir='ltr' id='par_1_6' title="bbox 395 1115 2262 1406">
     <span class='ocr_line' id='line_1_11' title="bbox 536 1115 2261 1175; baseline 0.005 -19"><span class='ocrx_word' id='word_1_68' title='bbox 536 1115 562 1156; x_wconf 87' lang='lat' dir='ltr'><strong>s.</strong></span> <span class='ocrx_word' id='word_1_69' title='bbox 604 1119 644 1156; x_wconf 72' lang='lat' dir='ltr'><strong>la</strong></span> <span class='ocrx_word' id='word_1_70' title='bbox 678 1117 927 1169; x_wconf 75' lang='lat' dir='ltr'><strong>»Quoniam</strong></span> <span class='ocrx_word' id='word_1_71' title='bbox 959 1119 1149 1160; x_wconf 82' lang='lat' dir='ltr'><strong>clamitat</strong></span> <span class='ocrx_word' id='word_1_72' title='bbox 1181 1125 1372 1173; x_wconf 85' lang='lat' dir='ltr'><strong>sapiens,</strong></span> <span class='ocrx_word' id='word_1_73' title='bbox 1421 1123 1539 1174; x_wconf 89' lang='lat' dir='ltr'><strong>quod</strong></span> <span class='ocrx_word' id='word_1_74' title='bbox 1562 1127 1879 1175; x_wconf 83' lang='lat' dir='ltr'><strong>perscrutator«</strong></span> <span class='ocrx_word' id='word_1_75' title='bbox 1915 1124 1966 1175; x_wconf 87' lang='lat'><strong>&gt;&lt;</strong></span> <span class='ocrx_word' id='word_1_76' title='bbox 2000 1125 2027 1165; x_wconf 84' lang='lat' dir='ltr'><strong>f.</strong></span> <span class='ocrx_word' id='word_1_77' title='bbox 2061 1123 2168 1166; x_wconf 84' lang='lat' dir='ltr'><strong>218b</strong></span> <span class='ocrx_word' id='word_1_78' title='bbox 2195 1127 2261 1165; x_wconf 85' lang='lat' dir='ltr'><strong>»in</strong></span> 
     </span>
     <span class='ocr_line' id='line_1_12' title="bbox 395 1173 2259 1233; baseline 0.006 -21"><span class='ocrx_word' id='word_1_79' title='bbox 395 1173 527 1224; x_wconf 86' lang='lat' dir='ltr'><strong>glorie</strong></span> <span class='ocrx_word' id='word_1_80' title='bbox 560 1174 797 1215; x_wconf 84' lang='lat' dir='ltr'><strong>libertatem</strong></span> <span class='ocrx_word' id='word_1_81' title='bbox 830 1179 1076 1228; x_wconf 87' lang='lat' dir='ltr'><strong>eripiuntur.</strong></span> <span class='ocrx_word' id='word_1_82' title='bbox 1140 1178 1324 1230; x_wconf 84' lang='lat' dir='ltr'>Explicit</span> <span class='ocrx_word' id='word_1_83' title='bbox 1370 1184 1593 1232; x_wconf 86' lang='lat' dir='ltr'><strong>exposicio</strong></span> <span class='ocrx_word' id='word_1_84' title='bbox 1642 1192 1774 1233; x_wconf 87' lang='lat' dir='ltr'><strong>super</strong></span> <span class='ocrx_word' id='word_1_85' title='bbox 1818 1181 1963 1223; x_wconf 85' lang='lat' dir='ltr'><strong>officio</strong></span> <span class='ocrx_word' id='word_1_86' title='bbox 2005 1186 2140 1223; x_wconf 90' lang='lat' dir='ltr'><strong>misse</strong></span> <span class='ocrx_word' id='word_1_87' title='bbox 2172 1194 2259 1224; x_wconf 91' lang='lat' dir='ltr'><strong>rev.</strong></span> 
     </span>
     <span class='ocr_line' id='line_1_13' title="bbox 395 1231 2262 1291; baseline 0.006 -21"><span class='ocrx_word' id='word_1_88' title='bbox 395 1231 510 1283; x_wconf 81' lang='lat' dir='ltr'><strong>Mag.</strong></span> <span class='ocrx_word' id='word_1_89' title='bbox 545 1231 716 1272; x_wconf 72' lang='lat' dir='ltr'><strong>Hem-ici</strong></span> <span class='ocrx_word' id='word_1_90' title='bbox 750 1244 873 1273; x_wconf 81' lang='lat' dir='ltr'>sacre</span> <span class='ocrx_word' id='word_1_91' title='bbox 899 1266 909 1275; x_wconf 89' lang='lat'><strong>.</strong></span> <span class='ocrx_word' id='word_1_92' title='bbox 937 1267 944 1275; x_wconf 90' lang='lat'>.</span> <span class='ocrx_word' id='word_1_93' title='bbox 973 1266 982 1274; x_wconf 93' lang='lat'><strong>.</strong></span> <span class='ocrx_word' id='word_1_94' title='bbox 1009 1235 1183 1287; x_wconf 79' lang='lat' dir='ltr'><strong>(lacuna</strong></span> <span class='ocrx_word' id='word_1_95' title='bbox 1214 1240 1436 1278; x_wconf 83' lang='lat' dir='ltr'>excisione</span> <span class='ocrx_word' id='word_1_96' title='bbox 1467 1238 1599 1291; x_wconf 82' lang='lat' dir='ltr'><strong>facta)</strong></span> <span class='ocrx_word' id='word_1_97' title='bbox 1631 1239 1795 1279; x_wconf 87' lang='lat' dir='ltr'><strong>ordinis</strong></span> <span class='ocrx_word' id='word_1_98' title='bbox 1827 1240 1999 1281; x_wconf 82' lang='lat' dir='ltr'><strong>fratrum</strong></span> <span class='ocrx_word' id='word_1_99' title='bbox 2032 1241 2262 1281; x_wconf 77' lang='lat' dir='ltr'><strong>heremita—</strong></span> 
     </span>
     <span class='ocr_line' id='line_1_14' title="bbox 396 1291 2255 1344; baseline 0.005 -16"><span class='ocrx_word' id='word_1_100' title='bbox 396 1300 491 1329; x_wconf 87' lang='lat' dir='ltr'><strong>rum</strong></span> <span class='ocrx_word' id='word_1_101' title='bbox 526 1301 562 1329; x_wconf 90' lang='lat' dir='ltr'><strong>s.</strong></span> <span class='ocrx_word' id='word_1_102' title='bbox 596 1291 842 1342; x_wconf 86' lang='lat' dir='ltr'><strong>Augustini,</strong></span> <span class='ocrx_word' id='word_1_103' title='bbox 884 1291 1005 1332; x_wconf 84' lang='lat' dir='ltr'><strong>finita</strong></span> <span class='ocrx_word' id='word_1_104' title='bbox 1037 1304 1112 1344; x_wconf 91' lang='lat' dir='ltr'><strong>per</strong></span> <span class='ocrx_word' id='word_1_105' title='bbox 1142 1305 1302 1335; x_wconf 86' lang='lat' dir='ltr'><strong>manus</strong></span> <span class='ocrx_word' id='word_1_106' title='bbox 1333 1295 1566 1337; x_wconf 88' lang='lat' dir='ltr'><strong>Johannis</strong></span> <span class='ocrx_word' id='word_1_107' title='bbox 1599 1297 1654 1337; x_wconf 86' lang='lat' dir='ltr'><strong>de</strong></span> <span class='ocrx_word' id='word_1_108' title='bbox 1686 1296 1927 1338; x_wconf 88' lang='lat' dir='ltr'><strong>Modrovia</strong></span> <span class='ocrx_word' id='word_1_109' title='bbox 1958 1310 1995 1337; x_wconf 83' lang='lat' dir='ltr'><strong>a.</strong></span> <span class='ocrx_word' id='word_1_110' title='bbox 2031 1299 2070 1338; x_wconf 89' lang='lat' dir='ltr'><strong>d.</strong></span> <span class='ocrx_word' id='word_1_111' title='bbox 2108 1298 2255 1339; x_wconf 81' lang='lat'><strong>1408.«</strong></span> 
     </span>
     <span class='ocr_line' id='line_1_15' title="bbox 396 1346 1699 1406; baseline 0.007 -20"><span class='ocrx_word' id='word_1_112' title='bbox 396 1346 479 1395; x_wconf 91' lang='lat' dir='ltr'><strong>(De</strong></span> <span class='ocrx_word' id='word_1_113' title='bbox 511 1352 687 1388; x_wconf 82' lang='lat' dir='ltr'><strong>auctore</strong></span> <span class='ocrx_word' id='word_1_114' title='bbox 719 1349 772 1389; x_wconf 86' lang='lat' dir='ltr'><strong>cf.</strong></span> <span class='ocrx_word' id='word_1_115' title='bbox 807 1348 992 1402; x_wconf 89' lang='lat' dir='ltr'><strong>Czerny‚</strong></span> <span class='ocrx_word' id='word_1_116' title='bbox 1024 1350 1192 1392; x_wconf 86' lang='lat' dir='ltr'><strong>Hdsch.</strong></span> <span class='ocrx_word' id='word_1_117' title='bbox 1226 1351 1287 1392; x_wconf 89' lang='lat' dir='ltr'><strong>St.</strong></span> <span class='ocrx_word' id='word_1_118' title='bbox 1322 1353 1504 1401; x_wconf 79' lang='lat' dir='ltr'><strong>Florian,</strong></span> <span class='ocrx_word' id='word_1_119' title='bbox 1539 1366 1578 1406; x_wconf 91' lang='lat' dir='ltr'><strong>p.</strong></span> <span class='ocrx_word' id='word_1_120' title='bbox 1610 1355 1699 1403; x_wconf 85' lang='lat'>45.)</span> 
     </span>
    </p>
   </div>
   <div class='ocr_carea' id='block_1_6' title="bbox 393 1407 2257 1504">
    <p class='ocr_par' dir='ltr' id='par_1_7' title="bbox 393 1407 2257 1504">
     <span class='ocr_line' id='line_1_16' title="bbox 393 1407 2257 1500; baseline 0.005 -58"><span class='ocrx_word' id='word_1_121' title='bbox 393 1463 429 1500; x_wconf 59' lang='grc' dir='ltr'>λ</span> <span class='ocrx_word' id='word_1_122' title='bbox 535 1407 716 1455; x_wconf 87' lang='lat' dir='ltr'><strong>Sequitur</strong></span> <span class='ocrx_word' id='word_1_123' title='bbox 747 1410 950 1455; x_wconf 85' lang='lat' dir='ltr'><strong>registrum</strong></span> <span class='ocrx_word' id='word_1_124' title='bbox 982 1412 1110 1457; x_wconf 91' lang='lat' dir='ltr'><strong>operis</strong></span> <span class='ocrx_word' id='word_1_125' title='bbox 1140 1414 1179 1448; x_wconf 89' lang='lat' dir='ltr'><strong>in</strong></span> <span class='ocrx_word' id='word_1_126' title='bbox 1212 1413 1276 1449; x_wconf 89' lang='lat' dir='ltr'><strong>fol.</strong></span> <span class='ocrx_word' id='word_1_127' title='bbox 1311 1414 1468 1460; x_wconf 83' lang='lat' dir='ltr'><strong>alligato</strong></span> <span class='ocrx_word' id='word_1_128' title='bbox 1501 1425 1580 1450; x_wconf 90' lang='lat' dir='ltr'><strong>non</strong></span> <span class='ocrx_word' id='word_1_129' title='bbox 1603 1426 1707 1451; x_wconf 89' lang='lat' dir='ltr'><strong>num.</strong></span> <span class='ocrx_word' id='word_1_130' title='bbox 1732 1416 1983 1462; x_wconf 83' lang='lat' dir='ltr'><strong>compilatum</strong></span> <span class='ocrx_word' id='word_1_131' title='bbox 2016 1427 2132 1452; x_wconf 88' lang='lat' dir='ltr'><strong>manu</strong></span> <span class='ocrx_word' id='word_1_132' title='bbox 2155 1426 2257 1452; x_wconf 89' lang='lat' dir='ltr'><strong>saec.</strong></span> 
     </span>
     <span class='ocr_line' id='line_1_17' title="bbox 415 1464 700 1504; baseline 0.014 -5"><span class='ocrx_word' id='word_1_133' title='bbox 415 1464 700 1504; x_wconf 66' lang='lat' dir='ltr'>&#39;VII—XVIII.</span> 
     </span>
    </p>
   </div>
   <div class='ocr_carea' id='block_1_7' title="bbox 393 1578 1712 1715">
    <p class='ocr_par' dir='ltr' id='par_1_8' title="bbox 393 1578 1712 1715">
     <span class='ocr_line' id='line_1_18' title="bbox 539 1578 1465 1633; baseline 0.002 -3"><span class='ocrx_word' id='word_1_134' title='bbox 539 1578 667 1633; x_wconf 86' lang='grc'><em>1096</em></span> <span class='ocrx_word' id='word_1_135' title='bbox 1193 1581 1278 1631; x_wconf 89' lang='lat' dir='ltr'><strong>Vl.</strong></span> <span class='ocrx_word' id='word_1_136' title='bbox 1316 1582 1380 1631; x_wconf 88' lang='lat' dir='ltr'><strong>D.</strong></span> <span class='ocrx_word' id='word_1_137' title='bbox 1420 1583 1465 1632; x_wconf 83' lang='lat'><strong>7.</strong></span> 
     </span>
     <span class='ocr_line' id='line_1_19' title="bbox 393 1660 1712 1715; baseline 0.005 -15"><span class='ocrx_word' id='word_1_138' title='bbox 393 1660 537 1702; x_wconf 81' lang='lat' dir='ltr'><strong>chart.</strong></span> <span class='ocrx_word' id='word_1_139' title='bbox 567 1673 682 1702; x_wconf 82' lang='lat' dir='ltr'><strong>saec.</strong></span> <span class='ocrx_word' id='word_1_140' title='bbox 715 1661 828 1702; x_wconf 91' lang='lat' dir='ltr'><strong>XIV</strong></span> <span class='ocrx_word' id='word_1_141' title='bbox 857 1674 919 1702; x_wconf 80' lang='lat' dir='ltr'><strong>ex.</strong></span> <span class='ocrx_word' id='word_1_142' title='bbox 969 1661 1035 1715; x_wconf 80' lang='lat' dir='ltr'><strong><em>ff</em></strong></span> <span class='ocrx_word' id='word_1_143' title='bbox 1066 1663 1166 1713; x_wconf 81' lang='lat'><em>152,</em></span> <span class='ocrx_word' id='word_1_144' title='bbox 1196 1663 1435 1705; x_wconf 82' lang='lat'><em>30&gt;&lt;21·5</em></span> <span class='ocrx_word' id='word_1_145' title='bbox 1462 1677 1546 1706; x_wconf 82' lang='lat' dir='ltr'><strong>cm.</strong></span> <span class='ocrx_word' id='word_1_146' title='bbox 1580 1665 1621 1706; x_wconf 85' lang='lat' dir='ltr'><strong>d.</strong></span> <span class='ocrx_word' id='word_1_147' title='bbox 1653 1678 1712 1706; x_wconf 82' lang='lat' dir='ltr'><strong>m.</strong></span> 
     </span>
    </p>
   </div>
   <div class='ocr_carea' id='block_1_8' title="bbox 391 1740 2255 1970">
    <p class='ocr_par' dir='ltr' id='par_1_9' title="bbox 391 1740 2255 1970">
     <span class='ocr_line' id='line_1_20' title="bbox 393 1740 2255 1796; baseline 0.004 -15"><span class='ocrx_word' id='word_1_148' title='bbox 393 1740 645 1782; x_wconf 83' lang='lat' dir='ltr'><strong>Sermones</strong></span> <span class='ocrx_word' id='word_1_149' title='bbox 678 1743 983 1784; x_wconf 88' lang='lat' dir='ltr'><strong>dominicales</strong></span> <span class='ocrx_word' id='word_1_150' title='bbox 1014 1754 1097 1794; x_wconf 88' lang='lat' dir='ltr'><strong>per</strong></span> <span class='ocrx_word' id='word_1_151' title='bbox 1127 1743 1351 1785; x_wconf 84' lang='lat' dir='ltr'><strong>circulum</strong></span> <span class='ocrx_word' id='word_1_152' title='bbox 1382 1745 1494 1785; x_wconf 88' lang='lat' dir='ltr'><strong>anni</strong></span> <span class='ocrx_word' id='word_1_153' title='bbox 1526 1745 1659 1786; x_wconf 87' lang='lat' dir='ltr'><strong>initio</strong></span> <span class='ocrx_word' id='word_1_154' title='bbox 1691 1750 1915 1787; x_wconf 86' lang='lat' dir='ltr'><strong>carentes.</strong></span> <span class='ocrx_word' id='word_1_155' title='bbox 1977 1746 2125 1796; x_wconf 89' lang='lat' dir='ltr'><strong>(Terni</strong></span> <span class='ocrx_word' id='word_1_156' title='bbox 2169 1759 2255 1789; x_wconf 90' lang='lat' dir='ltr'><strong>ser-</strong></span> 
     </span>
     <span class='ocr_line' id='line_1_21' title="bbox 958 1802 1693 1855; baseline 0.004 -14"><span class='ocrx_word' id='word_1_157' title='bbox 958 1813 1114 1841; x_wconf 87' lang='lat' dir='ltr'><strong>mones</strong></span> <span class='ocrx_word' id='word_1_158' title='bbox 1145 1805 1187 1842; x_wconf 92' lang='lat' dir='ltr'><strong>in</strong></span> <span class='ocrx_word' id='word_1_159' title='bbox 1220 1803 1411 1855; x_wconf 86' lang='lat' dir='ltr'><strong>qualibet</strong></span> <span class='ocrx_word' id='word_1_160' title='bbox 1442 1802 1693 1855; x_wconf 87' lang='lat' dir='ltr'><strong>dominica.)</strong></span> 
     </span>
     <span class='ocr_line' id='line_1_22' title="bbox 536 1856 2230 1915; baseline 0.005 -19"><span class='ocrx_word' id='word_1_161' title='bbox 536 1857 560 1896; x_wconf 90' lang='lat' dir='ltr'><strong>f.</strong></span> <span class='ocrx_word' id='word_1_162' title='bbox 601 1856 701 1897; x_wconf 79' lang='lat' dir='ltr'>162b</span> <span class='ocrx_word' id='word_1_163' title='bbox 733 1861 936 1906; x_wconf 87' lang='lat' dir='ltr'><strong>(absoluto</strong></span> <span class='ocrx_word' id='word_1_164' title='bbox 968 1872 1146 1898; x_wconf 85' lang='lat' dir='ltr'><strong>sermone</strong></span> <span class='ocrx_word' id='word_1_165' title='bbox 1177 1864 1289 1899; x_wconf 85' lang='lat' dir='ltr'><strong>tertio</strong></span> <span class='ocrx_word' id='word_1_166' title='bbox 1322 1864 1541 1900; x_wconf 85' lang='lat' dir='ltr'><strong>dominicae</strong></span> <span class='ocrx_word' id='word_1_167' title='bbox 1572 1863 1718 1911; x_wconf 94' lang='lat' dir='ltr'>XXIV)</span> <span class='ocrx_word' id='word_1_168' title='bbox 1764 1861 2011 1914; x_wconf 83' lang='lat' dir='ltr'><strong>»Chlubyss</strong></span> <span class='ocrx_word' id='word_1_169' title='bbox 2044 1875 2123 1915; x_wconf 83' lang='lat' dir='ltr'><strong>Sye</strong></span> <span class='ocrx_word' id='word_1_170' title='bbox 2149 1896 2158 1903; x_wconf 91' lang='lat'><strong>.</strong></span> <span class='ocrx_word' id='word_1_171' title='bbox 2186 1898 2193 1905; x_wconf 92' lang='lat'>.</span> <span class='ocrx_word' id='word_1_172' title='bbox 2222 1896 2230 1905; x_wconf 87' lang='lat'>.</span> 
     </span>
     <span class='ocr_line' id='line_1_23' title="bbox 391 1917 1921 1970; baseline 0.004 -17"><span class='ocrx_word' id='word_1_173' title='bbox 391 1926 471 1965; x_wconf 80' lang='lat' dir='ltr'><strong>zye</strong></span> <span class='ocrx_word' id='word_1_174' title='bbox 550 1947 558 1954; x_wconf 93' lang='lat'>.</span> <span class='ocrx_word' id='word_1_175' title='bbox 593 1948 601 1955; x_wconf 96' lang='lat'>.</span> <span class='ocrx_word' id='word_1_176' title='bbox 635 1928 746 1968; x_wconf 86' lang='lat' dir='ltr'><strong>gyss</strong></span> <span class='ocrx_word' id='word_1_177' title='bbox 779 1928 903 1956; x_wconf 82' lang='lat' dir='ltr'><strong>mass</strong></span> <span class='ocrx_word' id='word_1_178' title='bbox 936 1917 1128 1957; x_wconf 87' lang='lat' dir='ltr'><strong>konecz«</strong></span> <span class='ocrx_word' id='word_1_179' title='bbox 1166 1917 1285 1970; x_wconf 87' lang='lat' dir='ltr'><strong>(finis</strong></span> <span class='ocrx_word' id='word_1_180' title='bbox 1316 1919 1385 1959; x_wconf 90' lang='lat' dir='ltr'><strong>hic</strong></span> <span class='ocrx_word' id='word_1_181' title='bbox 1418 1919 1613 1959; x_wconf 83' lang='lat' dir='ltr'><strong>radendo</strong></span> <span class='ocrx_word' id='word_1_182' title='bbox 1644 1920 1792 1959; x_wconf 82' lang='lat' dir='ltr'><strong>laesus</strong></span> <span class='ocrx_word' id='word_1_183' title='bbox 1825 1923 1921 1969; x_wconf 90' lang='lat' dir='ltr'><strong>est).</strong></span> 
     </span>
    </p>
   </div>
   <div class='ocr_carea' id='block_1_9' title="bbox 391 2028 1685 2169">
    <p class='ocr_par' dir='ltr' id='par_1_10' title="bbox 391 2028 1685 2169">
     <span class='ocr_line' id='line_1_24' title="bbox 536 2028 1428 2083; baseline 0.001 -2"><span class='ocrx_word' id='word_1_184' title='bbox 536 2028 663 2083; x_wconf 86' lang='grc'><em>1097</em></span> <span class='ocrx_word' id='word_1_185' title='bbox 1162 2032 1239 2082; x_wconf 90' lang='lat' dir='ltr'><strong>VI.</strong></span> <span class='ocrx_word' id='word_1_186' title='bbox 1276 2032 1342 2082; x_wconf 89' lang='lat' dir='ltr'><strong>D.</strong></span> <span class='ocrx_word' id='word_1_187' title='bbox 1379 2034 1428 2083; x_wconf 78' lang='lat'><strong>8.</strong></span> 
     </span>
     <span class='ocr_line' id='line_1_25' title="bbox 391 2111 1685 2169; baseline 0.005 -19"><span class='ocrx_word' id='word_1_188' title='bbox 391 2111 535 2151; x_wconf 81' lang='lat' dir='ltr'><strong>chart.</strong></span> <span class='ocrx_word' id='word_1_189' title='bbox 566 2124 682 2153; x_wconf 79' lang='lat' dir='ltr'><strong>saec.</strong></span> <span class='ocrx_word' id='word_1_190' title='bbox 734 2114 993 2155; x_wconf 91' lang='lat' dir='ltr'><em>XIV—XV</em></span> <span class='ocrx_word' id='word_1_191' title='bbox 1011 2115 1063 2169; x_wconf 82' lang='lat' dir='ltr'><strong>ff.</strong></span> <span class='ocrx_word' id='word_1_192' title='bbox 1102 2116 1195 2164; x_wconf 83' lang='lat'><strong><em>156,</em></strong></span> <span class='ocrx_word' id='word_1_193' title='bbox 1223 2115 1342 2156; x_wconf 87' lang='lat'><em>30&gt;&lt;</em></span> <span class='ocrx_word' id='word_1_194' title='bbox 1367 2115 1420 2155; x_wconf 83' lang='lat'><strong>21</strong></span> <span class='ocrx_word' id='word_1_195' title='bbox 1454 2127 1538 2156; x_wconf 84' lang='lat' dir='ltr'><strong>cm.</strong></span> <span class='ocrx_word' id='word_1_196' title='bbox 1570 2117 1593 2155; x_wconf 94' lang='lat'><em>1</em></span> <span class='ocrx_word' id='word_1_197' title='bbox 1627 2127 1685 2156; x_wconf 75' lang='lat' dir='ltr'><strong>m,</strong></span> 
     </span>
    </p>
   </div>
   <div class='ocr_carea' id='block_1_10' title="bbox 387 2196 2250 2418">
    <p class='ocr_par' dir='ltr' id='par_1_11' title="bbox 387 2196 2250 2418">
     <span class='ocr_line' id='line_1_26' title="bbox 1041 2196 1601 2237; baseline 0 -1"><span class='ocrx_word' id='word_1_198' title='bbox 1041 2196 1292 2237; x_wconf 87' lang='lat' dir='ltr'><strong>Sermones</strong></span> <span class='ocrx_word' id='word_1_199' title='bbox 1323 2197 1379 2236; x_wconf 90' lang='lat' dir='ltr'><strong>de</strong></span> <span class='ocrx_word' id='word_1_200' title='bbox 1410 2196 1601 2236; x_wconf 88' lang='lat' dir='ltr'><strong>sanctis.</strong></span> 
     </span>
     <span class='ocr_line' id='line_1_27' title="bbox 533 2251 2227 2307; baseline 0.004 -17"><span class='ocrx_word' id='word_1_201' title='bbox 533 2251 559 2290; x_wconf 82' lang='lat' dir='ltr'><strong>f.</strong></span> <span class='ocrx_word' id='word_1_202' title='bbox 598 2253 638 2291; x_wconf 90' lang='lat'><strong>1·</strong></span> <span class='ocrx_word' id='word_1_203' title='bbox 673 2252 791 2304; x_wconf 80' lang='lat' dir='ltr'><strong>»Ego</strong></span> <span class='ocrx_word' id='word_1_204' title='bbox 834 2265 932 2293; x_wconf 91' lang='lat' dir='ltr'><strong>sum</strong></span> <span class='ocrx_word' id='word_1_205' title='bbox 973 2257 1070 2294; x_wconf 89' lang='lat' dir='ltr'><strong>vitis</strong></span> <span class='ocrx_word' id='word_1_206' title='bbox 1110 2266 1214 2294; x_wconf 84' lang='lat' dir='ltr'><strong>vera</strong></span> <span class='ocrx_word' id='word_1_207' title='bbox 1247 2288 1252 2294; x_wconf 95' lang='lat'>.</span> <span class='ocrx_word' id='word_1_208' title='bbox 1291 2288 1296 2293; x_wconf 94' lang='lat'><em>.</em></span> <span class='ocrx_word' id='word_1_209' title='bbox 1333 2288 1340 2294; x_wconf 90' lang='lat'>.</span> <span class='ocrx_word' id='word_1_210' title='bbox 1383 2253 1491 2294; x_wconf 90' lang='lat' dir='ltr'><strong>Vitis</strong></span> <span class='ocrx_word' id='word_1_211' title='bbox 1533 2256 1616 2294; x_wconf 89' lang='lat' dir='ltr'><strong>nisi</strong></span> <span class='ocrx_word' id='word_1_212' title='bbox 1648 2255 1961 2295; x_wconf 84' lang='lat' dir='ltr'><strong>elaboraretur‹</strong></span> <span class='ocrx_word' id='word_1_213' title='bbox 1998 2255 2050 2307; x_wconf 93' lang='grc'><strong>&gt;&lt;</strong></span> <span class='ocrx_word' id='word_1_214' title='bbox 2083 2256 2109 2297; x_wconf 87' lang='lat' dir='ltr'><strong>f.</strong></span> <span class='ocrx_word' id='word_1_215' title='bbox 2149 2256 2227 2296; x_wconf 83' lang='lat'><strong>156</strong></span> 
     </span>
     <span class='ocr_line' id='line_1_28' title="bbox 387 2310 2250 2363; baseline 0.004 -17"><span class='ocrx_word' id='word_1_216' title='bbox 387 2310 453 2357; x_wconf 90' lang='lat' dir='ltr'><strong>(de</strong></span> <span class='ocrx_word' id='word_1_217' title='bbox 486 2321 516 2348; x_wconf 84' lang='lat' dir='ltr'><strong>s.</strong></span> <span class='ocrx_word' id='word_1_218' title='bbox 552 2311 781 2359; x_wconf 86' lang='lat' dir='ltr'><strong>Catharina)</strong></span> <span class='ocrx_word' id='word_1_219' title='bbox 826 2312 907 2350; x_wconf 83' lang='lat' dir='ltr'><strong>»ad</strong></span> <span class='ocrx_word' id='word_1_220' title='bbox 952 2315 1136 2363; x_wconf 82' lang='lat' dir='ltr'><strong>nupcias</strong></span> <span class='ocrx_word' id='word_1_221' title='bbox 1183 2315 1276 2351; x_wconf 92' lang='lat' dir='ltr'><strong>eius</strong></span> <span class='ocrx_word' id='word_1_222' title='bbox 1323 2315 1475 2363; x_wconf 89' lang='lat' dir='ltr'><strong>sponsi</strong></span> <span class='ocrx_word' id='word_1_223' title='bbox 1520 2315 1665 2353; x_wconf 89' lang='lat' dir='ltr'><strong>venire</strong></span> <span class='ocrx_word' id='word_1_224' title='bbox 1707 2313 1882 2353; x_wconf 87' lang='lat' dir='ltr'><strong>feliciter</strong></span> <span class='ocrx_word' id='word_1_225' title='bbox 1911 2314 2162 2360; x_wconf 87' lang='lat' dir='ltr'><strong>valeamus;</strong></span> <span class='ocrx_word' id='word_1_226' title='bbox 2193 2313 2250 2354; x_wconf 84' lang='lat' dir='ltr'><strong>ad</strong></span> 
     </span>
     <span class='ocr_line' id='line_1_29' title="bbox 388 2368 995 2418; baseline 0.007 -13"><span class='ocrx_word' id='word_1_227' title='bbox 388 2377 499 2417; x_wconf 83' lang='lat' dir='ltr'><strong>quas</strong></span> <span class='ocrx_word' id='word_1_228' title='bbox 532 2378 615 2406; x_wconf 89' lang='lat' dir='ltr'><strong>nos</strong></span> <span class='ocrx_word' id='word_1_229' title='bbox 648 2368 879 2418; x_wconf 80' lang='lat' dir='ltr'><strong>perducat«</strong></span> <span class='ocrx_word' id='word_1_230' title='bbox 917 2373 995 2409; x_wconf 90' lang='lat' dir='ltr'><strong>etc.</strong></span> 
     </span>
    </p>
   </div>
   <div class='ocr_carea' id='block_1_11' title="bbox 387 2479 1516 2618">
    <p class='ocr_par' dir='ltr' id='par_1_12' title="bbox 387 2479 1516 2618">
     <span class='ocr_line' id='line_1_30' title="bbox 529 2479 1443 2534; baseline -0.001 -1"><span class='ocrx_word' id='word_1_231' title='bbox 529 2479 662 2533; x_wconf 87' lang='grc'><strong>1098</strong></span> <span class='ocrx_word' id='word_1_232' title='bbox 1179 2482 1258 2532; x_wconf 91' lang='lat' dir='ltr'><strong>VI.</strong></span> <span class='ocrx_word' id='word_1_233' title='bbox 1295 2484 1358 2534; x_wconf 89' lang='lat' dir='ltr'><strong>D.</strong></span> <span class='ocrx_word' id='word_1_234' title='bbox 1397 2485 1443 2533; x_wconf 85' lang='lat'><strong>9.</strong></span> 
     </span>
     <span class='ocr_line' id='line_1_31' title="bbox 387 2563 1516 2618; baseline 0.004 -16"><span class='ocrx_word' id='word_1_235' title='bbox 387 2563 530 2604; x_wconf 78' lang='lat' dir='ltr'><strong>chart.</strong></span> <span class='ocrx_word' id='word_1_236' title='bbox 562 2575 681 2604; x_wconf 84' lang='lat' dir='ltr'><strong>saec.</strong></span> <span class='ocrx_word' id='word_1_237' title='bbox 711 2563 875 2618; x_wconf 85' lang='lat' dir='ltr'><em>XVff.</em></span> <span class='ocrx_word' id='word_1_238' title='bbox 906 2566 1005 2615; x_wconf 79' lang='lat'><em>361,</em></span> <span class='ocrx_word' id='word_1_239' title='bbox 1035 2567 1089 2606; x_wconf 83' lang='lat'><strong>31</strong></span> <span class='ocrx_word' id='word_1_240' title='bbox 1109 2566 1236 2614; x_wconf 86' lang='lat'>&gt;&lt;22</span> <span class='ocrx_word' id='word_1_241' title='bbox 1266 2577 1349 2606; x_wconf 87' lang='lat' dir='ltr'><strong>cm.</strong></span> <span class='ocrx_word' id='word_1_242' title='bbox 1381 2566 1423 2606; x_wconf 88' lang='lat' dir='ltr'><strong>d.</strong></span> <span class='ocrx_word' id='word_1_243' title='bbox 1456 2579 1516 2608; x_wconf 88' lang='lat' dir='ltr'><strong>m.</strong></span> 
     </span>
    </p>
   </div>
   <div class='ocr_carea' id='block_1_12' title="bbox 380 2643 2245 3315">
    <p class='ocr_par' dir='ltr' id='par_1_13' title="bbox 384 2643 2245 2756">
     <span class='ocr_line' id='line_1_32' title="bbox 384 2643 2245 2700; baseline 0.003 -18"><span class='ocrx_word' id='word_1_244' title='bbox 384 2643 694 2684; x_wconf 88' lang='lat' dir='ltr'><strong>Decretalium</strong></span> <span class='ocrx_word' id='word_1_245' title='bbox 734 2644 934 2686; x_wconf 88' lang='lat' dir='ltr'><strong>Pseudo·</strong></span> <span class='ocrx_word' id='word_1_246' title='bbox 975 2646 1335 2687; x_wconf 87' lang='lat' dir='ltr'><strong>Isidorianarum</strong></span> <span class='ocrx_word' id='word_1_247' title='bbox 1376 2658 1485 2699; x_wconf 89' lang='lat' dir='ltr'><strong>pars</strong></span> <span class='ocrx_word' id='word_1_248' title='bbox 1524 2648 1544 2688; x_wconf 94' lang='lat'>1</span> <span class='ocrx_word' id='word_1_249' title='bbox 1586 2651 1698 2699; x_wconf 86' lang='lat' dir='ltr'><strong>(seu,</strong></span> <span class='ocrx_word' id='word_1_250' title='bbox 1739 2653 1787 2688; x_wconf 89' lang='lat' dir='ltr'><strong>ut</strong></span> <span class='ocrx_word' id='word_1_251' title='bbox 1826 2651 1867 2688; x_wconf 92' lang='lat' dir='ltr'><strong>in</strong></span> <span class='ocrx_word' id='word_1_252' title='bbox 1909 2660 2058 2688; x_wconf 82' lang='lat' dir='ltr'><strong>assere</strong></span> <span class='ocrx_word' id='word_1_253' title='bbox 2101 2659 2245 2700; x_wconf 89' lang='lat' dir='ltr'><strong>super.</strong></span> 
     </span>
     <span class='ocr_line' id='line_1_33' title="bbox 800 2704 1830 2756; baseline 0.004 -14"><span class='ocrx_word' id='word_1_254' title='bbox 800 2704 1062 2743; x_wconf 88' lang='lat' dir='ltr'><strong>inscribitur:</strong></span> <span class='ocrx_word' id='word_1_255' title='bbox 1096 2704 1236 2744; x_wconf 83' lang='lat' dir='ltr'><strong>Prima</strong></span> <span class='ocrx_word' id='word_1_256' title='bbox 1267 2716 1366 2756; x_wconf 83' lang='lat' dir='ltr'><strong>pars</strong></span> <span class='ocrx_word' id='word_1_257' title='bbox 1398 2706 1489 2745; x_wconf 92' lang='lat' dir='ltr'><strong>libri</strong></span> <span class='ocrx_word' id='word_1_258' title='bbox 1520 2706 1830 2754; x_wconf 90' lang='lat' dir='ltr'><strong>conciliorum).</strong></span> 
     </span>
    </p>

    <p class='ocr_par' dir='ltr' id='par_1_14' title="bbox 380 2759 2244 3315">
     <span class='ocr_line' id='line_1_34' title="bbox 529 2759 2241 2816; baseline 0.004 -18"><span class='ocrx_word' id='word_1_259' title='bbox 529 2759 556 2798; x_wconf 86' lang='lat' dir='ltr'><strong>f.</strong></span> <span class='ocrx_word' id='word_1_260' title='bbox 595 2761 636 2798; x_wconf 80' lang='lat' dir='ltr'><strong>la</strong></span> <span class='ocrx_word' id='word_1_261' title='bbox 673 2759 743 2799; x_wconf 78' lang='lat' dir='ltr'><strong>»In</strong></span> <span class='ocrx_word' id='word_1_262' title='bbox 774 2764 950 2800; x_wconf 89' lang='lat' dir='ltr'><strong>nomine</strong></span> <span class='ocrx_word' id='word_1_263' title='bbox 982 2765 1115 2813; x_wconf 84' lang='lat' dir='ltr'><strong>patris</strong></span> <span class='ocrx_word' id='word_1_264' title='bbox 1149 2793 1157 2801; x_wconf 93' lang='lat'>.</span> <span class='ocrx_word' id='word_1_265' title='bbox 1193 2796 1198 2802; x_wconf 96' lang='lat'>.</span> <span class='ocrx_word' id='word_1_266' title='bbox 1236 2796 1242 2802; x_wconf 86' lang='lat'><strong>.</strong></span> <span class='ocrx_word' id='word_1_267' title='bbox 1276 2765 1456 2803; x_wconf 85' lang='lat' dir='ltr'><strong>nomina</strong></span> <span class='ocrx_word' id='word_1_268' title='bbox 1488 2766 1806 2814; x_wconf 84' lang='lat' dir='ltr'><strong>provinciarum</strong></span> <span class='ocrx_word' id='word_1_269' title='bbox 1839 2763 2022 2804; x_wconf 85' lang='lat' dir='ltr'><strong>Romani</strong></span> <span class='ocrx_word' id='word_1_270' title='bbox 2053 2766 2241 2816; x_wconf 81' lang='lat' dir='ltr'><strong>imperii«</strong></span> 
     </span>
     <span class='ocr_line' id='line_1_35' title="bbox 385 2815 2244 2873; baseline 0.004 -18"><span class='ocrx_word' id='word_1_271' title='bbox 385 2815 437 2866; x_wconf 87' lang='lat'><strong>&gt;&lt;</strong></span> <span class='ocrx_word' id='word_1_272' title='bbox 471 2816 496 2855; x_wconf 86' lang='lat' dir='ltr'><strong>f.</strong></span> <span class='ocrx_word' id='word_1_273' title='bbox 530 2815 638 2857; x_wconf 73' lang='lat'>361³</span> <span class='ocrx_word' id='word_1_274' title='bbox 669 2819 856 2866; x_wconf 83' lang='lat' dir='ltr'><strong>(Explicit</strong></span> <span class='ocrx_word' id='word_1_275' title='bbox 887 2822 1097 2858; x_wconf 90' lang='lat' dir='ltr'><strong>concilium</strong></span> <span class='ocrx_word' id='word_1_276' title='bbox 1129 2821 1316 2868; x_wconf 84' lang='lat' dir='ltr'><strong>Spalense</strong></span> <span class='ocrx_word' id='word_1_277' title='bbox 1347 2823 1584 2870; x_wconf 89' lang='lat' dir='ltr'><strong>secundum)</strong></span> <span class='ocrx_word' id='word_1_278' title='bbox 1648 2820 1897 2862; x_wconf 84' lang='lat' dir='ltr'><strong>»Hactenus</strong></span> <span class='ocrx_word' id='word_1_279' title='bbox 1929 2822 2110 2873; x_wconf 87' lang='lat' dir='ltr'><strong>digestis</strong></span> <span class='ocrx_word' id='word_1_280' title='bbox 2141 2832 2244 2862; x_wconf 87' lang='lat' dir='ltr'><strong>con-</strong></span> 
     </span>
     <span class='ocr_line' id='line_1_36' title="bbox 384 2874 2244 2929; baseline 0.004 -18"><span class='ocrx_word' id='word_1_281' title='bbox 384 2874 488 2911; x_wconf 90' lang='lat' dir='ltr'><strong>ciliis</strong></span> <span class='ocrx_word' id='word_1_282' title='bbox 522 2885 555 2913; x_wconf 90' lang='lat' dir='ltr'><strong>s.</strong></span> <span class='ocrx_word' id='word_1_283' title='bbox 590 2879 758 2925; x_wconf 82' lang='lat' dir='ltr'><strong>patrum</strong></span> <span class='ocrx_word' id='word_1_284' title='bbox 807 2881 1044 2927; x_wconf 90' lang='lat' dir='ltr'><strong>sequentur</strong></span> <span class='ocrx_word' id='word_1_285' title='bbox 1091 2878 1263 2917; x_wconf 83' lang='lat' dir='ltr'><strong>decreta</strong></span> <span class='ocrx_word' id='word_1_286' title='bbox 1304 2879 1524 2929; x_wconf 90' lang='lat' dir='ltr'><strong>presulum</strong></span> <span class='ocrx_word' id='word_1_287' title='bbox 1576 2878 1883 2920; x_wconf 86' lang='lat' dir='ltr'><strong>Romanorum.</strong></span> <span class='ocrx_word' id='word_1_288' title='bbox 1931 2879 2094 2920; x_wconf 81' lang='lat' dir='ltr'><strong>Prefate</strong></span> <span class='ocrx_word' id='word_1_289' title='bbox 2125 2879 2244 2920; x_wconf 90' lang='lat' dir='ltr'><strong>sedis</strong></span> 
     </span>
     <span class='ocr_line' id='line_1_37' title="bbox 383 2932 2243 2987; baseline 0.004 -18"><span class='ocrx_word' id='word_1_290' title='bbox 383 2932 619 2981; x_wconf 85' lang='lat' dir='ltr'><strong>apostolice</strong></span> <span class='ocrx_word' id='word_1_291' title='bbox 652 2934 875 2983; x_wconf 88' lang='lat' dir='ltr'><strong>presulum</strong></span> <span class='ocrx_word' id='word_1_292' title='bbox 907 2937 1156 2981; x_wconf 85' lang='lat' dir='ltr'><strong>constituta,</strong></span> <span class='ocrx_word' id='word_1_293' title='bbox 1189 2946 1273 2987; x_wconf 92' lang='lat' dir='ltr'><strong>que</strong></span> <span class='ocrx_word' id='word_1_294' title='bbox 1305 2935 1361 2975; x_wconf 86' lang='lat' dir='ltr'><strong>ad</strong></span> <span class='ocrx_word' id='word_1_295' title='bbox 1391 2936 1491 2976; x_wconf 88' lang='lat' dir='ltr'><strong>fidei</strong></span> <span class='ocrx_word' id='word_1_296' title='bbox 1523 2937 1714 2987; x_wconf 86' lang='lat' dir='ltr'><strong>regulam</strong></span> <span class='ocrx_word' id='word_1_297' title='bbox 1735 2938 1804 2976; x_wconf 88' lang='lat' dir='ltr'><strong>vel</strong></span> <span class='ocrx_word' id='word_1_298' title='bbox 1825 2937 1881 2977; x_wconf 83' lang='lat' dir='ltr'><strong>ad</strong></span> <span class='ocrx_word' id='word_1_299' title='bbox 1903 2938 2243 2977; x_wconf 85' lang='lat' dir='ltr'><strong>ecclesiasticam</strong></span> 
     </span>
     <span class='ocr_line' id='line_1_38' title="bbox 382 2991 2243 3044; baseline 0.005 -18"><span class='ocrx_word' id='word_1_300' title='bbox 382 2991 594 3038; x_wconf 87' lang='lat' dir='ltr'><strong>pertinent</strong></span> <span class='ocrx_word' id='word_1_301' title='bbox 626 2991 908 3041; x_wconf 86' lang='lat' dir='ltr'><strong>disciplinam,</strong></span> <span class='ocrx_word' id='word_1_302' title='bbox 942 2995 983 3031; x_wconf 94' lang='lat' dir='ltr'><strong>in</strong></span> <span class='ocrx_word' id='word_1_303' title='bbox 1016 2993 1101 3032; x_wconf 92' lang='lat' dir='ltr'><strong>hoc</strong></span> <span class='ocrx_word' id='word_1_304' title='bbox 1131 2993 1236 3032; x_wconf 90' lang='lat' dir='ltr'><strong>libro</strong></span> <span class='ocrx_word' id='word_1_305' title='bbox 1269 2992 1456 3044; x_wconf 87' lang='lat' dir='ltr'><strong>diligenti</strong></span> <span class='ocrx_word' id='word_1_306' title='bbox 1488 3005 1594 3034; x_wconf 86' lang='lat' dir='ltr'><strong>cura</strong></span> <span class='ocrx_word' id='word_1_307' title='bbox 1624 2995 1803 3034; x_wconf 84' lang='lat' dir='ltr'><strong>collecta</strong></span> <span class='ocrx_word' id='word_1_308' title='bbox 1835 2999 1949 3044; x_wconf 89' lang='lat' dir='ltr'><strong>sunt,</strong></span> <span class='ocrx_word' id='word_1_309' title='bbox 1993 2998 2052 3034; x_wconf 86' lang='lat' dir='ltr'><strong>ita</strong></span> <span class='ocrx_word' id='word_1_310' title='bbox 2082 2999 2128 3035; x_wconf 88' lang='lat' dir='ltr'><strong>ut</strong></span> <span class='ocrx_word' id='word_1_311' title='bbox 2159 2997 2243 3035; x_wconf 90' lang='lat' dir='ltr'><strong>sin-</strong></span> 
     </span>
     <span class='ocr_line' id='line_1_39' title="bbox 380 3046 2242 3103; baseline 0.005 -20"><span class='ocrx_word' id='word_1_312' title='bbox 380 3046 577 3096; x_wconf 88' lang='lat' dir='ltr'><strong>gulorum</strong></span> <span class='ocrx_word' id='word_1_313' title='bbox 612 3049 864 3098; x_wconf 86' lang='lat' dir='ltr'><strong>pontificum</strong></span> <span class='ocrx_word' id='word_1_314' title='bbox 897 3053 1114 3101; x_wconf 87' lang='lat' dir='ltr'><strong>quotquot</strong></span> <span class='ocrx_word' id='word_1_315' title='bbox 1155 3051 1328 3090; x_wconf 82' lang='lat' dir='ltr'><strong>decreta</strong></span> <span class='ocrx_word' id='word_1_316' title='bbox 1359 3063 1385 3090; x_wconf 88' lang='lat' dir='ltr'>a</span> <span class='ocrx_word' id='word_1_317' title='bbox 1416 3052 1543 3091; x_wconf 89' lang='lat' dir='ltr'><strong>nobis</strong></span> <span class='ocrx_word' id='word_1_318' title='bbox 1584 3056 1751 3103; x_wconf 89' lang='lat' dir='ltr'><strong>reperta</strong></span> <span class='ocrx_word' id='word_1_319' title='bbox 1792 3057 1907 3095; x_wconf 83' lang='lat' dir='ltr'><strong>sunt.</strong></span> <span class='ocrx_word' id='word_1_320' title='bbox 1970 3053 2053 3092; x_wconf 90' lang='lat' dir='ltr'><strong>sub</strong></span> <span class='ocrx_word' id='word_1_321' title='bbox 2093 3055 2242 3092; x_wconf 88' lang='lat' dir='ltr'><strong>unius—</strong></span> 
     </span>
     <span class='ocr_line' id='line_1_40' title="bbox 382 3106 2240 3162; baseline 0.004 -21"><span class='ocrx_word' id='word_1_322' title='bbox 382 3106 594 3155; x_wconf 88' lang='lat' dir='ltr'><strong>cuiusque</strong></span> <span class='ocrx_word' id='word_1_323' title='bbox 627 3107 807 3155; x_wconf 84' lang='lat' dir='ltr'><strong>epistole</strong></span> <span class='ocrx_word' id='word_1_324' title='bbox 841 3110 949 3145; x_wconf 79' lang='lat' dir='ltr'><strong>serie</strong></span> <span class='ocrx_word' id='word_1_325' title='bbox 984 3110 1163 3158; x_wconf 84' lang='lat' dir='ltr'><strong>propriis</strong></span> <span class='ocrx_word' id='word_1_326' title='bbox 1196 3108 1326 3147; x_wconf 90' lang='lat' dir='ltr'><strong>titulis</strong></span> <span class='ocrx_word' id='word_1_327' title='bbox 1358 3113 1689 3159; x_wconf 84' lang='lat' dir='ltr'><strong>prenotarentur</strong></span> <span class='ocrx_word' id='word_1_328' title='bbox 1719 3121 1771 3149; x_wconf 89' lang='lat' dir='ltr'><strong>eo</strong></span> <span class='ocrx_word' id='word_1_329' title='bbox 1803 3110 1952 3158; x_wconf 90' lang='lat' dir='ltr'><strong>modo,</strong></span> <span class='ocrx_word' id='word_1_330' title='bbox 1994 3121 2082 3162; x_wconf 93' lang='lat' dir='ltr'><strong>quo</strong></span> <span class='ocrx_word' id='word_1_331' title='bbox 2114 3121 2240 3162; x_wconf 90' lang='lat' dir='ltr'><strong>supe-</strong></span> 
     </span>
     <span class='ocr_line' id='line_1_41' title="bbox 383 3162 2240 3219; baseline 0.004 -21"><span class='ocrx_word' id='word_1_332' title='bbox 383 3164 468 3199; x_wconf 69' lang='lat' dir='ltr'><strong>rius·</strong></span> <span class='ocrx_word' id='word_1_333' title='bbox 502 3162 762 3211; x_wconf 79' lang='lat' dir='ltr'><strong>prefatorum</strong></span> <span class='ocrx_word' id='word_1_334' title='bbox 806 3169 974 3214; x_wconf 79' lang='lat' dir='ltr'><strong>patrum</strong></span> <span class='ocrx_word' id='word_1_335' title='bbox 1017 3177 1210 3204; x_wconf 84' lang='lat' dir='ltr'><strong>canones</strong></span> <span class='ocrx_word' id='word_1_336' title='bbox 1252 3170 1401 3205; x_wconf 85' lang='lat' dir='ltr'><strong>nostro</strong></span> <span class='ocrx_word' id='word_1_337' title='bbox 1444 3167 1589 3207; x_wconf 85' lang='lat' dir='ltr'><strong>studio</strong></span> <span class='ocrx_word' id='word_1_338' title='bbox 1631 3168 1811 3207; x_wconf 83' lang='lat' dir='ltr'><strong>ordinati</strong></span> <span class='ocrx_word' id='word_1_339' title='bbox 1855 3172 1970 3215; x_wconf 84' lang='lat' dir='ltr'><strong>sunt,</strong></span> <span class='ocrx_word' id='word_1_340' title='bbox 2023 3171 2240 3219; x_wconf 81' lang='lat' dir='ltr'><strong>quatenus</strong></span> 
     </span>
     <span class='ocr_line' id='line_1_42' title="bbox 381 3219 2241 3276; baseline 0.005 -20"><span class='ocrx_word' id='word_1_341' title='bbox 381 3219 549 3256; x_wconf 75' lang='lat' dir='ltr'><strong>lectoris</strong></span> <span class='ocrx_word' id='word_1_342' title='bbox 583 3220 793 3259; x_wconf 72' lang='lat' dir='ltr'><strong>industria</strong></span> <span class='ocrx_word' id='word_1_343' title='bbox 826 3222 990 3261; x_wconf 76' lang='lat' dir='ltr'><strong>facilius</strong></span> <span class='ocrx_word' id='word_1_344' title='bbox 1022 3224 1250 3274; x_wconf 86' lang='lat' dir='ltr'><strong>intelligere</strong></span> <span class='ocrx_word' id='word_1_345' title='bbox 1285 3228 1436 3273; x_wconf 71' lang='lat' dir='ltr'><strong>possit,</strong></span> <span class='ocrx_word' id='word_1_346' title='bbox 1473 3225 1576 3264; x_wconf 89' lang='lat' dir='ltr'><strong>dum</strong></span> <span class='ocrx_word' id='word_1_347' title='bbox 1610 3226 1809 3276; x_wconf 84' lang='lat' dir='ltr'><strong>capitulis</strong></span> <span class='ocrx_word' id='word_1_348' title='bbox 1834 3229 2018 3276; x_wconf 80' lang='lat' dir='ltr'><strong>propriis</strong></span> <span class='ocrx_word' id='word_1_349' title='bbox 2041 3226 2241 3265; x_wconf 86' lang='lat' dir='ltr'><strong>distincta</strong></span> 
     </span>
     <span class='ocr_line' id='line_1_43' title="bbox 381 3276 597 3315; baseline 0.005 -1"><span class='ocrx_word' id='word_1_350' title='bbox 381 3276 597 3315; x_wconf 60' lang='lat' dir='ltr'><strong>intendit«</strong></span> 
     </span>
    </p>
   </div>
   <div class='ocr_carea' id='block_1_13' title="bbox 1276 3430 1344 3463">
    <p class='ocr_par' dir='ltr' id='par_1_15' title="bbox 1276 3430 1344 3463">
     <span class='ocr_line' id='line_1_44' title="bbox 1276 3430 1344 3463; baseline -0.015 -1"><span class='ocrx_word' id='word_1_351' title='bbox 1276 3430 1344 3463; x_wconf 82' lang='lat'><strong>448</strong></span> 
     </span>
    </p>
   </div>
  </div>
 </body>
</html>
