2476 3782
1234 283 1343 324 1264

496 418 634 473 1264
1127 419 1243 471 VII.
1282 419 1331 471 C.
1365 421 1448 473 21.

355 513 607 553 membran.
639 523 753 553 saec.
786 511 862 552 XI
866 511 1048 553 V—XV
1060 512 1127 565 ff.
1157 513 1256 564 103,
1285 514 1343 555 30
1362 515 1412 566 ><
1430 514 1488 555 22
1507 526 1592 555 cm.
1624 514 1647 555 1
1683 527 1742 555 m.
1774 527 1878 555 cum
1909 515 2002 557 init.
2029 515 2134 569 pict.

355 594 426 634 Fr.
458 593 659 634 Thomae
703 593 988 643 (Guallensis
1020 605 1104 635 seu
1136 594 1411 645 Wallensis)
1456 595 1637 647 Anglici
1679 596 1776 636 ord.
1807 597 1961 647 praed.
1999 596 2221 638 »Lectura

557 651 834 703 sollempnis
867 663 1009 703 super
1038 651 1208 692 librum
1238 653 1280 693 b.
1311 653 1561 704 Augustini
1592 654 1647 694 de
1679 653 1870 694 civitate
1901 653 2012 695 deis

496 733 524 773 f.
562 734 608 772 1¹²
643 732 875 773 »Fluminis
907 735 1095 785 impetus
1127 733 1301 774 letificat
1331 737 1571 775 civitatem«
1597 733 1634 777 ><
1654 735 1681 775 f.
1719 734 1821 775 103ει
1856 738 2217 777 »resurreccionis

356 790 496 830 future
527 791 583 830 ad
616 791 937 842 beatitudinem,
970 791 1026 831 ad
1057 802 1189 843 quam
1221 803 1304 832 nos
1337 792 1544 844 perducat
1574 795 1667 844 ipse
1700 793 1767 832 dei
1799 793 1925 833 filius.
1958 793 2139 834 Amen«

495 873 554 910 Ex
584 874 678 910 bibl.
713 874 866 920 collegii
898 873 938 912 S.
972 873 1005 909 J.
1039 873 1360 913 CrumloviensiS.

498 1009 631 1062 1265
1136 1009 1244 1059 VII.
1283 1010 1331 1061 C.
1365 1011 1449 1061 22.

358 1104 501 1145 chart.
534 1115 576 1144 a.
609 1103 723 1144 1454
740 1102 804 1155 ff.
836 1104 934 1153 255,
964 1104 1018 1146 31
1041 1104 1164 1155 ><21
1189 1116 1270 1146 cm.
1302 1105 1327 1145 1
1360 1117 1420 1146 m.

356 1184 588 1226 Lactantii
626 1184 850 1226 Firmiani
879 1185 1256 1283 Institutiongm·
1276 1185 1537 1283 divgnarum
1567 1186 1669 1227 libri
1701 1187 1791 1227 V11.
1854 1186 2078 1229 Eiusdem
2108 1187 2225 1230 liber

1187 1255 1212 1284 e
1243 1254 1312 1283 ira
1374 1255 1429 1284 e1.

496 1324 601 1364 Post
630 1327 858 1375 registrum
889 1324 915 1364 f.
950 1324 1085 1364 2562:
1122 1324 1331 1376 »Explicit
1360 1326 1464 1365 liber
1494 1325 1711 1365 Lactancii
1742 1325 1942 1366 Firmiani
1973 1338 2011 1366 a.
2046 1326 2086 1367 d.
2113 1325 2225 1368 1454

360 1386 512 1434 quarta
541 1382 616 1422 fer.
650 1385 751 1433 post
781 1383 1057 1434 epiphaniam
1091 1383 1294 1422 domini«

496 1465 539 1501 In
571 1467 741 1512 margine
774 1465 798 1501 f.
836 1466 902 1502 1⁸:
939 1465 1126 1512 »Collegii
1159 1465 1198 1502 S.
1231 1465 1264 1504 J.
1298 1466 1477 1513 catalogo
1499 1466 1710 1513 inscriptus
1734 1478 1767 1504 a.
1795 1466 1914 1503 1690.
1962 1467 2219 1504 Commotovii

361 1524 398 1560 3.
431 1524 640 1570 Augusti«

502 1636 625 1689 1266
1156 1635 1269 1685 VII.
1310 1635 1358 1686 C.
1394 1635 1478 1686 23.

359 1730 503 1770 chart.
534 1740 649 1769 saec.
681 1727 774 1768 XV
783 1728 846 1782 ff
876 1728 974 1778 439,
1004 1729 1132 1780 30><
1150 1729 1202 1769 21
1237 1741 1320 1769 cm.
1352 1728 1394 1769 d.
1425 1741 1484 1768 m.

460 1809 806 1850 Bartholomaei
837 1810 892 1849 de
925 1809 1156 1850 Glanvilla
1185 1808 1253 1849 De
1284 1809 1641 1860 proprietatibus
1684 1820 1840 1849 rerum
1869 1809 1975 1850 libri
2003 1808 2120 1850 XIX.

500 1891 526 1931 f.
565 1891 606 1930 1ει
645 1890 781 1932 »Cum
833 1893 1118 1942 proprietates
1164 1901 1308 1930 rerum
1361 1893 1600 1942 sequantur
1647 1891 1951 1930 substancias«
1987 1891 2031 1928 ><
2061 1891 2088 1931 f.
2120 1889 2225 1930 436·

365 1953 438 1989 »ut
468 1952 613 2001 patere
645 1952 799 2000 poterit
829 1949 1056 2000 diligencia
1086 1951 1279 1988 intuenti.
1312 1947 1393 1987 Hic
1427 1950 1572 1988 {initus
1605 1952 1672 1988 est
1702 1948 1807 1988 liber
1827 1951 2134 2000 proprietatum
2157 1960 2223 1988 re-

361 2019 456 2046 rum
487 2019 514 2046 a
544 2007 850 2046 Bartholomeo
881 2006 1008 2046 fratre
1041 2009 1256 2046 minorum
1289 2007 1606 2046 monachorum
1638 2006 1780 2045 editus
1812 2010 1854 2046 et
1884 2005 2063 2046 factus«

499 2076 526 2116 f.
558 2073 833 2116 4361)-438ἃ
865 2075 1074 2127 (anepigr.)
1104 2075 1242 2115 Notae
1275 2075 1328 2115 de
1361 2078 1652 2115 monstruosis
1683 2075 1946 2115 hominibus.

500 2145 526 2185 f.
558 2145 643 2185 439
675 2145 786 2196 (sol.)
822 2145 1067 2196 »Regimen
1097 2145 1359 2185 curativum
1390 2147 1553 2184 contra
1583 2147 1825 2195 apostema
1840 2143 1957 2195 Mag.
1988 2144 2224 2185 Adalberti

363 2202 572 2254 episcopi
601 2203 998 2253 Ratisponensis.«

499 2286 543 2322 In
575 2287 760 2332 operculo
801 2286 909 2323 infer.
952 2287 1051 2322 inter
1082 2291 1196 2322 notas
1227 2286 1433 2322 historicas
1466 2285 1515 2321 ad
1563 2296 1597 2321 a.
1636 2283 1742 2321 1450
1774 2289 1810 2320 et
1844 2283 1951 2322 1452
1986 2289 2221 2331 spectantes,

361 2341 480 2393 (quas
512 2345 571 2379 ed.
605 2344 745 2386 Hosser,
780 2343 1095 2381 Geschichtschr.
1127 2343 1173 2388 ΙΙ,
1207 2343 1292 2390 71),
1326 2343 1491 2380 occurrit
1522 2343 1637 2379 etiam
1670 2346 1912 2386 annotatum,
1946 2343 2087 2378 librum
2119 2343 2224 2379 hunc

364 2412 453 2437 cum
483 2402 643 2448 postilla
673 2401 837 2448 Philippi
879 2403 925 2437 de
956 2401 1089 2438 Monte
1122 2401 1287 2437 Callerio
1320 2403 1453 2437 datum
1485 2410 1569 2436 esse
1601 2401 1837 2436 monasterio
1868 2400 2116 2438 Rudnicensi.
2163 2400 2225 2437 Ad

364 2470 437 2495 nos
467 2470 558 2495 vero
591 2460 717 2495 codex
748 2461 927 2506 provenit
968 2470 1015 2495 ex
1057 2461 1293 2496 monasterio
1325 2459 1574 2495 Trebonensi.

505 2594 625 2647 1267
1171 2594 1284 2643 VII.
1320 2595 1385 2643 D.
1422 2594 1451 2642 I
1460 2633 1468 2642 .

365 2689 552 2729 membr.
583 2700 696 2729 saec.
728 2688 920 2742 XIVff.
952 2688 1051 2738 287,
1083 2688 1281 2739 29><21
1316 2700 1400 2728 cm.
1433 2687 1474 2727 d.
1505 2699 1564 2727 m.

370 2770 657 2820 »Sermones‚
704 2770 782 2820 qui
826 2770 1041 2810 dicuntur
1085 2769 1337 2816 Rusticani,
1384 2769 1440 2809 de
1485 2767 1662 2808 sanctis
1707 2778 1789 2817 per
1819 2766 2043 2807 circulum
2073 2766 2224 2814 anni«,

366 2832 562 2867 carentes
594 2827 692 2867 fine.
726 2827 789 2879 (ln
821 2832 902 2867 cat.
936 2828 1032 2868 cod.
1066 2827 1238 2869 Monac.
1271 2830 1313 2866 et
1342 2827 1577 2867 Viennens
1611 2826 1735 2877 palat.
1772 2835 1999 2864 sermones
2021 2827 2090 2864 isti
2111 2824 2225 2864 attri-

367 2887 558 2925 buuntur
587 2885 836 2926 Bertholdo
867 2885 1196 2936 Ratisponensi
1226 2885 1321 2925 ord.
1356 2883 1486 2935 min.)

504 2955 531 2994 f.
564 2955 669 2995 287³
701 2955 962 2994 rubricatum
994 2958 1083 2994 est:
1139 2954 1290 2993 »Liber
1320 2954 1571 2992 monasterii
1603 2951 1763 2990 domus
1797 2962 1829 2990 s.
1865 2950 2002 3001 Egidii
2048 2952 2223 2990 canoni-

367 3023 517 3051 corum
564 3013 822 3063 regularium
853 3016 895 3052 in
926 3011 1143 3063 Vitignaw
1174 3012 1280 3050 alias
1327 3014 1369 3050 in
1400 3009 1604 3050 Trzebon
1637 3012 1915 3059 comparatus
1948 3019 2023 3059 per
2052 3007 2221 3048 nobiles

368 3070 570 3110 dominos
602 3071 655 3109 de
688 3070 927 3110 Rosember
957 3072 1057 3118 (sic)
1090 3072 1252 3121 primos
1284 3069 1423 3120 ipsius
1456 3069 1705 3106 monasterii
1737 3065 2029 3105 fundatores«

504 3152 651 3188 Deinde
683 3164 717 3190 a.
756 3153 862 3188 1609
895 3154 1022 3188 codex
1054 3156 1135 3188 erat
1165 3152 1259 3188 bibl.
1290 3150 1611 3195 Rosenbergicae,
1643 3158 1692 3183 ex
1724 3159 1801 3194 qua
1831 3148 2030 3183 restitutus
2062 3151 2121 3183 est
2142 3157 2225 3182 mo—

368 3210 536 3245 nasterio
567 3210 752 3256 praefato.
815 3210 960 3255 Codex,
1009 3214 1050 3245 ut
1097 3211 1211 3245 docet
1256 3212 1350 3245 nota
1394 3208 1434 3244 in
1480 3206 1605 3243 fronte
1636 3206 1660 3242 f.
1699 3206 1754 3249 1⁸,
1787 3206 1863 3242 iam
1897 3216 1930 3242 a.
1969 3204 2077 3242 1604
2109 3206 2225 3240 muti-

368 3267 430 3302 lus
462 3271 553 3307 erat.

1265 3412 1332 3444 488
