2476 3782
1087 282 1144 321 45

322 419 396 473 42
988 419 1026 468 Ι.
1066 421 1131 468 Α.
1169 420 1251 468 32.

183 514 328 556 chart.
360 525 403 554 a.
433 512 545 554 1451
570 512 623 566 ff.
657 512 724 561 71,
756 511 809 552 41
830 512 949 552 ><28
978 524 1062 552 cm.
1097 513 1121 552 Ι
1155 525 1214 552 m.

269 593 641 638 constitutiones
673 592 927 634 Clementis
957 604 1000 645 p.
1027 593 1064 638 V
1096 604 1203 634 cum
1233 597 1460 645 apparatu
1478 594 1721 634 ..Iohannis
1752 595 1975 634 Andreae.

328 653 357 694 f.
394 653 434 693 1·
460 654 557 705 (Ine.
581 665 714 701 appar.
731 650 758 702 z)
796 651 1044 691 »johannes
1065 654 1314 703 graciosum
1337 652 1420 691 hoc
1444 663 1630 692 nomen«
1657 656 1736 692 etc.
1759 654 1858 700 (lnc.
1882 655 2055 700 textusz)

187 711 472 766 »(J)ohannes
504 712 739 761 episcopus
786 708 951 750 Servus
993 720 1222 749 servorum
1265 709 1332 749 dei
1373 710 1539 749 dilectis
1580 710 1677 749 filiis
1724 711 1975 750 doctoribus
2008 715 2051 749 et

184 769 424 811 scolaribus
454 770 670 808 universis
701 767 890 808 bononie
922 768 1320 807 commorantibus«
1357 771 1437 808 etc.
1472 769 1514 805 ><
1547 768 1573 807 f.
1608 764 1681 807 71b
1710 770 1840 821 (Expl.
1875 781 2008 817 appar.
2024 771 2052 816 ι)

187 825 374 875 »Natura
402 837 506 866 vero
538 829 746 866 naturans
788 837 889 865 cum
926 825 982 864 ad
1024 826 1137 864 illam
1179 825 1416 865 redibimus
1460 837 1535 876 per
1581 828 1941 865 intercessionem
1975 828 2055 864 vir-

182 887 295 939 ginis
333 885 520 936 gloriose
560 894 643 923 nos
675 884 857 923 collocet
897 894 998 922 cum
1020 884 1166 922 electis
1189 883 1343 923 Amen.
1382 883 1483 923 1451
1521 883 1790 925 Leonardus
1821 883 2050 923 Hubner.«

327 943 487 981 Schulte
517 943 604 990 (Die
637 954 778 980 canon.
798 943 1019 980 *Handsch.
1060 954 1098 990 p.
1133 943 1205 988 23)
1247 944 1335 980 cod.
1378 948 1555 980 nostrum
1586 948 1735 990 praeter
1775 955 1854 980 rem
1886 954 2056 979 comme-

182 1006 310 1040 morat
338 1003 438 1039 inter
467 1001 520 1038 M.
554 1001 595 1039 S.
630 1002 743 1038 »libri
775 1002 874 1038 sexti
905 1000 1097 1038 Bonifacii
1128 1001 1258 1038 VIII.‹<
1292 1001 1335 1037 In
1377 1012 1504 1048 opere.
1538 1002 1645 1039 infer.
1690 1002 1925 1038 intrinsecus
1959 1003 2056 1037 haec

183 1064 279 1099 nota
307 1060 497 1097 occurrit:
534 1058 635 1096 »Iste
665 1059 762 1096 liber
792 1063 851 1096 est
882 1059 1108 1096 monasterii
1141 1059 1180 1095 in
1222 1059 1368 1095 fforbos
1410 1059 1594 1106 (Forbes)
1635 1071 1743 1106 prag.
1792 1060 1939 1096 dioces.
1988 1062 2058 1095 do-

184 1121 302 1156 natus
331 1128 401 1165 per
430 1117 625 1164 egregium
657 1119 856 1154 doctorem
910 1117 1114 1153 dominum
1145 1117 1427 1153 Wenceslaum
1460 1119 1506 1153 de
1539 1118 1779 1164 Budways.«
1844 1117 1888 1153 In
1922 1128 2055 1163 opere.

182 1186 312 1224 super.
355 1175 592 1213 intrinsecus
633 1176 878 1222 agglutinata
918 1176 1064 1212 scheda
1108 1174 1361 1211 Sadeleriana
1391 1178 1633 1212 demonstrat
1665 1176 1841 1212 codicem
1875 1186 1910 1212 a.
1951 1175 2056 1211 1609

184 1234 304 1271 fuisse
334 1234 429 1272 bibl.
461 1233 786 1280 Rosenbergicae.

323 1345 401 1399 43
998 1345 1037 1395 I.
1076 1345 1136 1394 A.
1175 1346 1256 1395 33.

184 1439 436 1494 membran.
468 1451 512 1480 a.
544 1438 659 1480 1388
672 1438 734 1493 ff
765 1439 865 1487 227,
895 1438 1087 1480 34><24
1117 1451 1196 1480 cm.
1229 1440 1253 1480 1
1287 1452 1348 1480 m.

353 1520 558 1562 Thomae
589 1521 646 1561 de
678 1521 862 1572 Aquino
893 1521 1112 1562 Summae
1143 1521 1434 1573 theologicae
1464 1521 1615 1573 prima
1646 1522 1891 1561 secundae.

329 1579 358 1620 f.
395 1579 436 1619 1·
469 1578 644 1630 »Incipit
674 1579 872 1619 secunda
903 1591 1003 1631 pars
1036 1591 1209 1619 summe
1257 1580 1473 1631 theologie
1520 1580 1633 1620 edite
1675 1591 1702 1619 a
1732 1579 1859 1619 fratre
1891 1578 1972 1618 Th.
2007 1578 2059 1618 de

185 1637 267 1690 Aq.
299 1636 413 1690 Quia
443 1639 556 1677 sicut
586 1636 893 1677 Damascenus
926 1638 1065 1677 dicit«
1102 1639 1146 1676 ><
1178 1637 1204 1678 f.
1238 1637 1341 1677 227⁵
1405 1638 1677 1689 »Expliciunt
1707 1638 1894 1689 capitula
1926 1639 2060 1688 prime

184 1698 318 1748 partis
350 1695 533 1735 secundi
564 1695 654 1734 libri
685 1695 826 1735 fratris
857 1695 1028 1735 Thome
1062 1696 1115 1735 de
1148 1696 1362 1747 Aquino«

329 1752 357 1794 f.
389 1750 493 1792 227⁶
525 1754 660 1803 (manu
693 1756 869 1792 eiusdem
901 1758 1051 1792 scribae
1084 1757 1323 1792 rubricatum
1339 1756 1367 1803 z)
1404 1754 1554 1794 »Liber
1576 1756 1826 1793 monasterii
1850 1751 1893 1793 S.
1918 1753 2058 1804 Egidii

185 1813 495 1852 canonicorum
544 1812 802 1863 regularium
853 1814 895 1852 in
946 1811 1184 1863 Witignaw
1214 1812 1322 1852 alias
1354 1815 1396 1852 in
1427 1811 1631 1852 Trzebon
1664 1815 1944 1863 comparatus
1987 1822 2062 1862 per

185 1869 354 1969 1¹13183i81es
385 1869 589 1909 dominos
621 1869 675 1909 de
707 1869 977 1921 Rosemberg
1008 1873 1171 1922 primos
1203 1873 1341 1922 ipsius
1374 1873 1624 1910 monasterii
1657 1870 1912 1909 fundatores
1947 1881 1985 1908 a.
2019 1869 2060 1908 d.

328 1987 377 2026 A.
416 1987 523 2025 1609
548 1988 682 2026 ,codex
711 1992 793 2024 erat
837 1988 932 2026 bibl.
964 1988 1274 2035 Rosenbergicae
1306 1987 1586 2033 Trebonensis‚
1620 1989 1760 2024 deinde
1792 1988 1931 2024 iterum
1974 1997 2059 2022 mo-

188 2045 351 2083 nasterii
377 2045 552 2093 praefati.

325 2156 408 2211 44
1002 2159 1041 2208 I.
1081 2159 1142 2208 A.
1179 2160 1260 2208 34.

187 2253 332 2294 chart.
361 2262 480 2292 saec.
511 2251 604 2292 XV
628 2264 690 2293 ex.
706 2252 769 2307 ff.
801 2253 899 2302 524,
931 2253 1118 2294 30><21
1153 2265 1238 2294 cm.
1271 2254 1295 2293 1
1329 2265 1388 2293 m.

301 2332 534 2374 Johannis
565 2334 622 2374 de
651 2333 866 2375 Hisdinio
898 2334 1094 2375 Lectura
1124 2334 1227 2375 sive
1258 2334 1454 2375 Postilla
1474 2345 1616 2385 super
1645 2333 1814 2374 librum
1843 2333 1946 2374 Job.

334 2391 362 2432 f.
401 2390 442 2429 1·
475 2390 881 2432 »Reverendissimo
913 2395 955 2432 in
988 2392 1160 2433 Christo
1194 2395 1300 2444 patri
1346 2404 1397 2432 ac
1431 2392 1471 2432 cl.
1506 2392 1546 2432 d.
1580 2391 1771 2432 Guidoni
1805 2392 1858 2431 de
1881 2391 2063 2430 Bolonia

188 2447 566 2502 dei-providencia
596 2453 804 2502 episcopo
837 2451 1062 2491 Portuensi
1095 2455 1136 2491 et
1182 2455 1463 2490 sacrosancte
1511 2450 1633 2490 Rom.
1681 2450 1797 2490 Eccl.
1846 2449 2063 2490 Cardinali

187 2507 316 2549 frater
358 2507 395 2548 J.
443 2506 498 2547 de
537 2507 610 2548 H.
636 2540 644 2548 .
670 2525 704 2549 .«
751 2510 795 2546 ><
835 2509 862 2549 f.
896 2509 999 2549 524³·
1044 2512 1170 2560 »quia
1201 2512 1243 2548 in
1276 2510 1345 2548 illa
1376 2509 1664 2548 translacione
1697 2510 1969 2558 corriguntur
2002 2519 2063 2546 er-

189 2577 352 2606 rores«.

333 2625 378 2662 In
408 2627 581 2672 margine
611 2627 759 2673 passim
790 2627 948 2673 glossae
989 2628 1143 2664 bohem.
1187 2637 1356 2663 coaevae
1389 2627 1467 2673 (ex.
1511 2637 1566 2672 gr.
1619 2626 1644 2664 f.
1670 2627 1736 2671 80,
1769 2626 1836 2662 ubi
1869 2626 2066 2671 glossator

190 2688 362 2731 exoptat,
393 2689 437 2722 ut
468 2686 676 2721 inducatur
706 2685 1044 2732 archiepiscopus)
1076 2690 1297 2722 occurrunt.
1339 2684 1383 2720 In
1415 2685 1536 2721 fronte
1569 2684 1592 2722 f.
1635 2685 1679 2719 1:
1745 2683 1892 2719 »Istum
1924 2684 2065 2719 librum

189 2742 295 2779 dedit
324 2753 393 2789 pro
425 2744 666 2780 monasterio
697 2742 738 2781 S.
770 2742 891 2779 Marie
922 2748 960 2779 et
991 2743 1031 2780 S.
1064 2742 1194 2779 Caroli
1226 2744 1266 2778 in
1299 2742 1411 2778 Nova
1442 2742 1564 2788 Praga
1586 2741 1772 2778 Nicolaus
1796 2743 1924 2777 dictus
1957 2741 2064 2776 Flas-

191 2804 299 2837 cator
343 2801 390 2837 de
421 2800 535 2837 Telcz
576 2812 611 2838 a.
650 2801 798 2839 152o.«
833 2801 924 2837 Alia
966 2812 1108 2837 manu:
1168 2800 1248 2836 »Ex
1288 2801 1398 2837 libris
1443 2801 1633 2836 canoniae
1667 2799 1932 2836 Carloviensis
1966 2798 2066 2834 Neo-

190 2857 375 2906 Pragae.«

330 2969 406 3023 45
1000 2971 1041 3020 I.
1080 2971 1141 3020 A.
1179 2972 1260 3020 35.

193 3062 336 3103 chart.
366 3074 481 3104 saec.
513 3063 675 3118 XVffi
707 3065 806 3112 302,
838 3065 895 3105 29
915 3065 1028 3105 ><22
1059 3077 1144 3105 cm.
1177 3065 1218 3105 d.
1251 3076 1312 3105 m.

337 3143 366 3184 f.
402 3140 576 3184 1⁸—96b
606 3143 833 3195 (Mauricii
862 3145 1019 3197 Angli)
1052 3145 1384 3186 Distinctiones
1416 3143 1738 3195 exemplorum
1769 3143 1880 3183 novi
1911 3147 1958 3183 et
1988 3154 2068 3183 ve-

192 3200 308 3241 teris
336 3202 607 3242 testamenti
636 3203 891 3244 secundum
922 3203 1133 3244 ordinem
1165 3202 1409 3255 alphabeti.
1462 3202 1772 3241 »Abstinencia
1818 3205 1885 3240 est
1931 3204 2065 3241 meriti

194 3262 543 3310 augmentativa«
583 3263 622 3297 ><
657 3261 814 3311 (zelus)
852 3264 922 3300 »ut
954 3265 1286 3313 persequeretur
1317 3261 1590 3300 christianos
1624 3260 1718 3299 Act.
1758 3260 1846 3298 14«

1110 3412 1146 3442 11
