2476 3782
1316 266 1394 306 120·

551 405 578 445 f.
611 402 880 445 2532—258·
917 403 1110 446 »Glossa
1150 409 1255 446 octo
1296 405 1669 446 beatitudinum«
1722 404 2040 444 »Beatitudines
2072 407 2175 443 sunt
2206 403 2280 444 ha-

417 464 790 563 ἓῑὲἒὲῃῖὲξξῖιᾙηῖ.
829 463 872 500 ><
909 475 1031 503 »eum
1056 467 1151 516 ipso
1182 474 1348 514 sponso
1382 463 1810 504 desiderabilissimo.
1846 461 1969 513 Expl.
2001 461 2151 513 glossa
2181 463 2281 502 octo

557 599 691 636 Codex
724 600 817 637 bibl.
850 600 1173 644 Rozenbergicae,
1206 599 1295 634 dein
1327 602 1496 635 monast.
1529 597 1792 634 Tiebonensis
1825 603 1917 633 erat.

429 800 431 803 .
560 751 648 804 126
788 789 790 791 ·
1237 750 1276 801 I.
1317 749 1361 800 C.
1398 751 1479 799 33.

415 856 558 896 chart.
591 869 706 897 saec.
739 855 829 896 XV
849 857 901 910 ff.
932 855 1018 897 314
1047 868 1186 905 uum„
1214 855 1267 896 31
1289 855 1400 895 ><21
1434 867 1517 896 cm.
1550 855 1591 896 d.
1623 868 1682 895 m.

549 948 780 989 ,Iohannis
821 948 1073 989 Januensis
1115 948 1170 988 de
1201 947 1354 987 Balbis
1395 947 1490 988 ord.
1533 948 1687 999 praed.
1729 947 1952 988 Prosodia
1985 946 2085 987 sive
2117 946 2283 987 Catho-

414 1005 550 1046 licon.
585 1006 718 1058 (Pars
749 1006 782 1046 I.
814 1006 950 1058 A-H).

550 1081 577 1121 f.
616 1082 630 1120 1
683 1081 915 1121 »Prosodia
961 1081 1148 1132 quedam
1201 1092 1300 1131 pars
1350 1083 1629 1132 grammatice
1681 1084 1996 1132 nuncupatur«.
2030 1081 2073 1118 ><
2104 1079 2131 1118 f.
2174 1075 2282 1118 313b

422 1138 741 1190 »Heyronimus
783 1142 1080 1190 interpretatur
1111 1149 1235 1177 sacra
1265 1139 1347 1186 lex,
1380 1138 1458 1177 fuit
1488 1140 1601 1177 enim
1645 1142 1825 1177 sanctus
1857 1138 1899 1176 id
1931 1142 1998 1177 est
2028 1137 2181 1176 firmus
2211 1137 2280 1176 vel

362 1215 365 1218 ⁴
416 1197 609 1236 mundus
633 1198 700 1236 vel
723 1200 934 1248 sanguine
958 1199 1116 1236 tinctus
1139 1197 1229 1235 vel«
1257 1198 1370 1243 (sic).
1404 1198 1512 1244 (Alia
1534 1208 1652 1233 manu
1683 1199 1785 1234 rubr.
1801 1199 1829 1244 :)
1865 1195 2014 1234 »Liber
2034 1197 2280 1235 monasterii

418 1254 577 1294 domus
612 1254 656 1294 S.
691 1254 825 1305 Egidii
859 1257 1167 1294 canonicorum
1199 1254 1455 1304 regularium
1487 1256 1529 1293 in
1560 1253 1795 1304 Witignaw
1826 1254 1931 1292 alias
1962 1256 2004 1292 in
2035 1252 2275 1292 T1·zebon.·

551 1329 578 1368 f.
611 1327 717 1368 314¹>
749 1329 1038 1380 Alphabetum
1071 1339 1273 1379 graecum
1308 1332 1349 1367 et
1379 1331 1507 1367 notae
1540 1339 1818 1368 numerorum
1848 1340 2043 1380 graecae.

556 1417 692 1464 Opere.
740 1429 826 1463 sup.
875 1418 1088 1463 adligatum
1134 1421 1194 1453 est
1239 1417 1304 1454 fol.
1349 1418 1522 1462 membr„
1585 1428 1662 1463 quo
1726 1419 1944 1454 continetur
2005 1418 2281 1453 documentum

415 1475 692 1521 obligatorium
726 1475 915 1511 Johannis
948 1474 1059 1510 Cilka
1092 1475 1187 1511 civis
1220 1474 1351 1510 Novae
1384 1474 1537 1510 Pilznae
1569 1477 1615 1510 de
1649 1486 1683 1511 a.
1723 1475 1843 1512 1413.
1885 1474 1978 1511 Item
2011 1485 2139 1521 opere.
2173 1475 2281 1512 infer.

417 1534 576 1569 membr.
610 1534 889 1569 documentum
921 1532 1110 1568 Johannis
1143 1533 1188 1567 de
1221 1532 1415 1578 Superiori
1448 1532 1652 1568 Lucawicz
1684 1533 1777 1569 dicti
1810 1532 1990 1578 Lucawa,
2023 1543 2100 1579 quo
2133 1533 2284 1569 locatur

419 1591 525 1627 »iure
557 1591 843 1637 emphiteotico‚
888 1592 992 1636 quod
1034 1590 1242 1635 vulgariter
1281 1591 1493 1636 poddaczie
1526 1591 1707 1635 dicitur«,
1739 1591 1832 1627 villa
1863 1590 1979 1636 Oplot
2011 1602 2046 1627 a.
2085 1590 2188 1626 1407
2221 1590 2280 1637 (2.

418 1649 541 1694 maii).
585 1648 628 1683 In
671 1649 792 1684 fronte
838 1648 904 1685 fol.
946 1650 985 1682 1⁸
1026 1648 1121 1683 haec
1164 1652 1257 1683 nota
1297 1659 1415 1683 manu
1458 1658 1560 1684 saec.
1605 1647 1678 1683 XV
1720 1650 1864 1694 scripta
1905 1650 2095 1684 occurrit:
2145 1647 2282 1685 »Hunc

415 1707 557 1742 librum
588 1707 731 1751 legavit
765 1716 832 1752 pro
866 1707 1102 1741 monasterio
1133 1705 1393 1741 Trzebonensi
1425 1707 1711 1741 indrustriosw,
1742 1706 1984 1742 Wanieczko
2007 1707 2053 1742 de
2071 1705 2283 1742 Sobienow

416 1764 591 1800 notarius
623 1764 766 1800 nobilis
798 1763 943 1800 domini
976 1763 1097 1799 Vlrici
1129 1764 1174 1798 de
1196 1763 1458 1800 Rosenberk.«
1494 1763 1640 1799 Deinde
1674 1766 1798 1800 codex
1829 1768 1909 1800 erat
1938 1766 1979 1800 in
2010 1764 2103 1801 bibl.
2135 1764 2284 1800 Rosen-

416 1822 585 1868 bergica,
618 1833 665 1857 ex
697 1833 774 1868 qua
806 1821 1042 1856 monasterio
1074 1821 1246 1867 praefato
1277 1821 1476 1856 restitutus
1509 1827 1578 1858 est.

558 1973 642 2024 127
1080 1997 1083 2000 ⁴
1245 1972 1282 2021 I.
1325 1971 1369 2021 C.
1406 1973 1487 2021 3-1.

415 2078 560 2119 chart.
593 2090 635 2117 a.
667 2076 785 2117 1475
795 2076 858 2130 ff
889 2077 979 2117 395
1004 2089 1143 2126 uum„
1171 2077 1355 2117 29><21
1390 2089 1473 2118 cm.
1504 2077 1528 2117 1
1563 2090 1622 2118 m.
1655 2078 1716 2118 lit.
1749 2079 1842 2118 init.
1875 2079 2032 2119 rubris
2052 2053 2093 2118 ei
2104 2078 2281 2132 passim

415 2136 637 2175 caeruleis
665 2135 834 2187 (prima
866 2134 1115 2174 admodum
1140 2135 1329 2187 pulchre
1359 2135 1530 2188 depicta
1562 2135 1642 2188 est)
1673 2139 1926 2176 exornatus.

548 2227 890 2268 Bartholomaei
911 2227 965 2266 de
983 2226 1214 2267 Glanvilla
1227 2227 1408 2279 Anglici
1419 2228 1484 2269 De
1500 2228 1857 2280 proprietatibus
1873 2240 2028 2269 rerum
2038 2228 2144 2269 libri
2161 2228 2279 2270 XIX.

550 2303 578 2342 f.
610 2304 650 2343 3.
687 2298 824 2343 ⁴»Cum
856 2305 1138 2354 proprietates
1179 2314 1320 2342 rerum
1353 2307 1591 2354 sequantur
1622 2304 1899 2344 substancias
1917 2305 2161 2344 secundum
2193 2299 2285 2344 disss

416 2365 675 2401 tinccionem
719 2364 761 2400 et
802 2361 997 2400 ordinem
1031 2361 1405 2399 substanciarum«
1427 2363 1470 2399 ><
1485 2361 1512 2400 f.
1539 2358 1648 2401 393b
1675 2365 1746 2401 »ut
1765 2365 1908 2412 patere
1930 2365 2084 2412 poterit
2103 2362 2280 2414 diligen-

416 2423 483 2459 cia
536 2421 725 2458 intuenti.
768 2419 950 2466 (Rubr.:)
990 2417 1172 2469 Explicit
1204 2419 1308 2457 liber
1351 2422 1660 2469 proprietatum
1713 2431 1855 2458 rerum
1905 2431 1931 2458 a
1972 2419 2278 2459 Bartholomeo

418 2477 595 2516 Francie
627 2479 728 2525 (sic)
760 2475 886 2515 fratre
919 2478 1133 2515 minorum
1166 2476 1482 2517 monachorum
1514 2477 1656 2516 editus
1687 2481 1729 2517 et
1759 2477 1941 2516 factus.»

551 2551 578 2590 f.
612 2550 842 2590 394—395
875 2550 939 2589 De
972 2553 1265 2589 monstruosis
1296 2550 1560 2590 hominibus.

551 2626 578 2665 f.
611 2624 738 2665 39512:
777 2625 938 2664 »Finito
969 2625 1075 2664 libro
1107 2627 1162 2664 sit
1192 2625 1286 2664 laus
1319 2629 1360 2664 et
1390 2626 1524 2677 gloria
1556 2625 1728 2666 Christo
1760 2638 1836 2678 per
1866 2638 2023 2666 manus
2043 2627 2272 2668 Johannis

416 2683 585 2723 Villani
614 2686 795 2734 protunc
835 2694 1001 2722 moram
1033 2682 1213 2721 trahenti
1244 2684 1344 2731 (sic)
1376 2682 1422 2723 in
1454 2683 1585 2734 opido
1616 2688 1866 2736 nuncupato
1898 2684 2074 2736 Swyny
2119 2685 2203 2724 sub
2234 2697 2273 2725 a.

418 2742 459 2781 d.
493 2746 559 2780 etc
591 2738 774 2780 LXXV⁰
805 2740 995 2788 (1475).‹
1030 2739 1095 2780 Cf.
1129 2738 1373 2791 Sternberg‚
1408 2740 1763 2781 Pssanzenkunde
1794 2742 1822 2789 I,
1854 2741 1923 2782 30.

554 2829 635 2865 Fol.
683 2830 717 2866 1.
762 2834 798 2864 et
841 2829 878 2864 2.
910 2828 1124 2875 praeligata
1154 2832 1256 2865 sunt.
1290 2829 1458 2865 Primum
1499 2831 1657 2868 membr.
1700 2834 1758 2866 est
1801 2835 1836 2866 et
1877 2831 2049 2867 continet
2080 2832 2275 2878 quandam

418 2888 700 2933 expositionem
731 2886 1028 2932 Apocalypseos
1060 2897 1162 2923 saec.
1205 2885 1308 2931 XIV,
1341 2887 1448 2923 alteri
1482 2888 1767 2934 adglutinatum
1799 2892 1858 2924 est
1888 2889 2042 2934 insigne
2075 2889 2169 2927 bibl.
2201 2890 2276 2925 Ro-

420 2944 680 2990 senbergicae.
714 2943 754 2980 F.
790 2944 870 2978 249
891 2948 928 2979 et
944 2939 1002 2990 sq.
1036 2947 1246 2980 occurrunt
1268 2945 1417 2990 aliquot
1438 2945 1595 2991 glossae
1619 2947 1843 2982 bohemicae
1866 2947 2112 2993 marginales.
2134 2947 2276 2983 Intrin-

417 3013 534 3038 secus
557 3012 684 3047 opere.
709 3012 794 3047 sup.
829 3005 1038 3048 inscriptus
1070 3006 1128 3038 est
1159 3001 1220 3037 hic
1252 3002 1386 3037 titulus
1419 3013 1536 3038 manu
1569 3013 1670 3040 saec.
1688 3002 1773 3040 XV.
1796 3003 2117 3040 »Bartholomeus
2138 3005 2276 3051 (manu

419 3070 494 3095 rec.
533 3060 643 3094 add.:
686 3058 916 3104 Angelicus)
959 3060 1005 3094 de
1033 3059 1331 3105 proprietatibus
1375 3070 1500 3095 rerum
1547 3066 1732 3107 exceptus
1774 3062 1821 3096 de
1861 3062 1958 3098 libro
1999 3062 2277 3109 proprietatum

419 3118 549 3162 magni
570 3116 715 3152 Alberti
747 3126 814 3161 pro
847 3111 1082 3152 monasterio
1128 3116 1389 3153 Trzebonensi
1430 3118 1598 3154 donatus
1640 3123 1677 3154 et
1708 3119 1917 3164 scriptus«.
1949 3119 2008 3155 Ex
2038 3121 2275 3171 monasterio

419 3173 588 3220 praefato
620 3175 744 3208 codex
777 3174 815 3208 i11
848 3175 940 3211 bibl.
974 3174 1296 3219 Rosenbergicam
1327 3176 1512 3221 pervenit,
1546 3178 1646 3212 unde
1682 3180 1821 3221 postea
1857 3178 2093 3213 monasterio
2129 3176 2274 3226 Tfebo-

420 3231 530 3266 nens‘i
562 3232 764 3266 restitutus
796 3235 866 3268 est.
916 3239 920 3243 ’

1325 3379 1370 3411 46
