<?xml version="1.0" encoding="UTF-8"?>
<!DOCTYPE html PUBLIC "-//W3C//DTD XHTML 1.0 Transitional//EN"
    "http://www.w3.org/TR/xhtml1/DTD/xhtml1-transitional.dtd">
<html xmlns="http://www.w3.org/1999/xhtml" xml:lang="en" lang="en">
 <head>
  <title>
</title>
<meta http-equiv="Content-Type" content="text/html;charset=utf-8" />
  <meta name='ocr-system' content='tesseract 3.04.00' />
  <meta name='ocr-capabilities' content='ocr_page ocr_carea ocr_par ocr_line ocrx_word'/>
</head>
<body>
  <div class='ocr_page' id='page_1' title='image "./cataloguscodicum01praguoft_0239.png"; bbox 0 0 2476 3782; ppageno 0'>
   <div class='ocr_carea' id='block_1_1' title="bbox 1136 272 1219 311">
    <p class='ocr_par' dir='ltr' id='par_1_1' title="bbox 1136 272 1219 311">
     <span class='ocr_line' id='line_1_1' title="bbox 1136 272 1219 311; baseline 0 0"><span class='ocrx_word' id='word_1_1' title='bbox 1136 272 1219 311; x_wconf 82' lang='lat'>537</span> 
     </span>
    </p>
   </div>
   <div class='ocr_carea' id='block_1_2' title="bbox 250 405 2119 518">
    <p class='ocr_par' dir='ltr' id='par_1_2' title="bbox 250 405 2119 518">
     <span class='ocr_line' id='line_1_2' title="bbox 393 405 2117 464; baseline -0.007 -9"><span class='ocrx_word' id='word_1_2' title='bbox 393 415 420 458; x_wconf 87' lang='lat' dir='ltr'>f.</span> <span class='ocrx_word' id='word_1_3' title='bbox 453 413 729 455; x_wconf 65' lang='lat'>2502—26022</span> <span class='ocrx_word' id='word_1_4' title='bbox 769 410 1021 464; x_wconf 86' lang='lat' dir='ltr'>(Johannis</span> <span class='ocrx_word' id='word_1_5' title='bbox 1042 409 1224 459; x_wconf 85' lang='lat' dir='ltr'>Wiclif)</span> <span class='ocrx_word' id='word_1_6' title='bbox 1246 408 1487 448; x_wconf 87' lang='lat' dir='ltr'>Tractatus</span> <span class='ocrx_word' id='word_1_7' title='bbox 1509 407 1564 447; x_wconf 91' lang='lat' dir='ltr'>de</span> <span class='ocrx_word' id='word_1_8' title='bbox 1586 405 1871 457; x_wconf 85' lang='lat' dir='ltr'><strong>perfectione</strong></span> <span class='ocrx_word' id='word_1_9' title='bbox 1895 407 2117 444; x_wconf 86' lang='lat' dir='ltr'>statuum.</span> 
     </span>
     <span class='ocr_line' id='line_1_3' title="bbox 250 461 2119 518; baseline -0.008 -3"><span class='ocrx_word' id='word_1_10' title='bbox 250 472 391 514; x_wconf 76' lang='lat' dir='ltr'>»Cum</span> <span class='ocrx_word' id='word_1_11' title='bbox 421 476 593 513; x_wconf 90' lang='lat' dir='ltr'>viantes</span> <span class='ocrx_word' id='word_1_12' title='bbox 625 475 667 511; x_wconf 87' lang='lat' dir='ltr'>et</span> <span class='ocrx_word' id='word_1_13' title='bbox 697 471 875 511; x_wconf 80' lang='lat' dir='ltr'>fratres«</span> <span class='ocrx_word' id='word_1_14' title='bbox 911 469 954 506; x_wconf 93' lang='grc'>&gt;&lt;</span> <span class='ocrx_word' id='word_1_15' title='bbox 990 467 1147 507; x_wconf 88' lang='lat' dir='ltr'>»fidem</span> <span class='ocrx_word' id='word_1_16' title='bbox 1181 467 1342 518; x_wconf 91' lang='lat' dir='ltr'>populo</span> <span class='ocrx_word' id='word_1_17' title='bbox 1375 465 1688 516; x_wconf 72' lang='lat' dir='ltr'>predicantes«</span> <span class='ocrx_word' id='word_1_18' title='bbox 1739 462 1880 515; x_wconf 90' lang='lat' dir='ltr'>(Edid.</span> <span class='ocrx_word' id='word_1_19' title='bbox 1916 461 2119 501; x_wconf 87' lang='lat' dir='ltr'>Budden-</span> 
     </span>
    </p>
   </div>
   <div class='ocr_carea' id='block_1_3' title="bbox 248 530 698 584">
    <p class='ocr_par' dir='ltr' id='par_1_3' title="bbox 248 530 698 584">
     <span class='ocr_line' id='line_1_4' title="bbox 248 530 698 584; baseline -0.004 -13"><span class='ocrx_word' id='word_1_20' title='bbox 248 534 343 582; x_wconf 84' lang='lat' dir='ltr'>sieg</span> <span class='ocrx_word' id='word_1_21' title='bbox 373 532 399 571; x_wconf 86' lang='lat' dir='ltr'>l.</span> <span class='ocrx_word' id='word_1_22' title='bbox 433 543 469 571; x_wconf 94' lang='lat' dir='ltr'>c.</span> <span class='ocrx_word' id='word_1_23' title='bbox 504 543 544 584; x_wconf 82' lang='lat' dir='ltr'>p.</span> <span class='ocrx_word' id='word_1_24' title='bbox 578 530 698 578; x_wconf 85' lang='lat'>441.)</span> 
     </span>
    </p>
   </div>
   <div class='ocr_carea' id='block_1_4' title="bbox 250 588 2115 703">
    <p class='ocr_par' dir='ltr' id='par_1_4' title="bbox 250 588 2115 703">
     <span class='ocr_line' id='line_1_5' title="bbox 395 588 2115 645; baseline -0.008 -5"><span class='ocrx_word' id='word_1_25' title='bbox 395 599 423 640; x_wconf 83' lang='lat' dir='ltr'>f.</span> <span class='ocrx_word' id='word_1_26' title='bbox 457 597 731 640; x_wconf 68' lang='lat' dir='ltr'>260b-2632</span> <span class='ocrx_word' id='word_1_27' title='bbox 762 598 973 645; x_wconf 85' lang='lat' dir='ltr'>(anepigr.)</span> <span class='ocrx_word' id='word_1_28' title='bbox 1003 593 1224 634; x_wconf 87' lang='lat' dir='ltr'>Eiusdem</span> <span class='ocrx_word' id='word_1_29' title='bbox 1247 593 1410 633; x_wconf 90' lang='lat' dir='ltr'>Sermo</span> <span class='ocrx_word' id='word_1_30' title='bbox 1428 591 1626 642; x_wconf 86' lang='lat' dir='ltr'>quidam.</span> <span class='ocrx_word' id='word_1_31' title='bbox 1661 589 1956 641; x_wconf 84' lang='lat' dir='ltr'>»Significavit</span> <span class='ocrx_word' id='word_1_32' title='bbox 1979 588 2115 627; x_wconf 83' lang='lat' dir='ltr'>deus«</span> 
     </span>
     <span class='ocr_line' id='line_1_6' title="bbox 250 647 1860 703; baseline -0.006 -7"><span class='ocrx_word' id='word_1_33' title='bbox 250 659 294 696; x_wconf 94' lang='lat'>&gt;&lt;</span> <span class='ocrx_word' id='word_1_34' title='bbox 330 658 566 698; x_wconf 82' lang='lat' dir='ltr'>»sacerdos</span> <span class='ocrx_word' id='word_1_35' title='bbox 599 656 904 696; x_wconf 87' lang='lat' dir='ltr'>sanctissimus</span> <span class='ocrx_word' id='word_1_36' title='bbox 937 655 1031 692; x_wconf 89' lang='lat' dir='ltr'>sine</span> <span class='ocrx_word' id='word_1_37' title='bbox 1063 663 1219 703; x_wconf 81' lang='lat' dir='ltr'>papa«.</span> <span class='ocrx_word' id='word_1_38' title='bbox 1253 649 1351 699; x_wconf 90' lang='lat' dir='ltr'>(Ed.</span> <span class='ocrx_word' id='word_1_39' title='bbox 1386 649 1568 688; x_wconf 89' lang='lat' dir='ltr'>Loserth</span> <span class='ocrx_word' id='word_1_40' title='bbox 1601 647 1737 688; x_wconf 87' lang='lat' dir='ltr'>Serm.</span> <span class='ocrx_word' id='word_1_41' title='bbox 1772 647 1860 695; x_wconf 88' lang='lat' dir='ltr'>IV.)</span> 
     </span>
    </p>
   </div>
   <div class='ocr_carea' id='block_1_5' title="bbox 248 715 2119 838">
    <p class='ocr_par' dir='ltr' id='par_1_5' title="bbox 248 715 2119 838">
     <span class='ocr_line' id='line_1_7' title="bbox 389 715 2119 775; baseline -0.008 -8"><span class='ocrx_word' id='word_1_42' title='bbox 389 727 417 767; x_wconf 91' lang='lat' dir='ltr'>f.</span> <span class='ocrx_word' id='word_1_43' title='bbox 449 721 727 767; x_wconf 69' lang='lat' dir='ltr'>26322—-264b</span> <span class='ocrx_word' id='word_1_44' title='bbox 759 721 1002 775; x_wconf 85' lang='lat' dir='ltr'>(Stephani</span> <span class='ocrx_word' id='word_1_45' title='bbox 1043 721 1099 761; x_wconf 90' lang='lat' dir='ltr'>de</span> <span class='ocrx_word' id='word_1_46' title='bbox 1139 716 1322 767; x_wconf 72' lang='grc' dir='ltr'>ΡίιΙθόἲ)</span> <span class='ocrx_word' id='word_1_47' title='bbox 1383 717 1607 770; x_wconf 79' lang='lat' dir='ltr'><strong>Quaestio</strong></span> <span class='ocrx_word' id='word_1_48' title='bbox 1652 717 1706 757; x_wconf 91' lang='lat' dir='ltr'>de</span> <span class='ocrx_word' id='word_1_49' title='bbox 1754 715 2047 757; x_wconf 86' lang='lat' dir='ltr'>absolutione</span> <span class='ocrx_word' id='word_1_50' title='bbox 2091 726 2119 754; x_wconf 87' lang='lat' dir='ltr'>a</span> 
     </span>
     <span class='ocr_line' id='line_1_8' title="bbox 248 774 2117 838; baseline -0.009 -10"><span class='ocrx_word' id='word_1_51' title='bbox 248 797 401 838; x_wconf 87' lang='lat' dir='ltr'>poena</span> <span class='ocrx_word' id='word_1_52' title='bbox 430 787 476 826; x_wconf 87' lang='lat' dir='ltr'>et</span> <span class='ocrx_word' id='word_1_53' title='bbox 507 795 535 824; x_wconf 89' lang='lat' dir='ltr'>a</span> <span class='ocrx_word' id='word_1_54' title='bbox 565 783 711 834; x_wconf 86' lang='lat' dir='ltr'>culpa.</span> <span class='ocrx_word' id='word_1_55' title='bbox 760 780 911 821; x_wconf 82' lang='lat' dir='ltr'>»Circa</span> <span class='ocrx_word' id='word_1_56' title='bbox 941 780 1055 819; x_wconf 86' lang='lat' dir='ltr'>hanc</span> <span class='ocrx_word' id='word_1_57' title='bbox 1087 778 1315 830; x_wconf 89' lang='lat' dir='ltr'>epistolam</span> <span class='ocrx_word' id='word_1_58' title='bbox 1348 776 1588 815; x_wconf 66' lang='lat' dir='ltr'>dubitatur-1</span> <span class='ocrx_word' id='word_1_59' title='bbox 1637 777 1679 813; x_wconf 92' lang='lat'>&gt;&lt;</span> <span class='ocrx_word' id='word_1_60' title='bbox 1729 774 2030 825; x_wconf 79' lang='lat' dir='ltr'>»indulgencia</span> <span class='ocrx_word' id='word_1_61' title='bbox 2062 776 2117 812; x_wconf 87' lang='lat' dir='ltr'>sit</span> 
     </span>
    </p>
   </div>
   <div class='ocr_carea' id='block_1_6' title="bbox 249 854 2118 1070">
    <p class='ocr_par' dir='ltr' id='par_1_6' title="bbox 249 854 2118 1070">
     <span class='ocr_line' id='line_1_9' title="bbox 251 854 2118 959; baseline -0.007 -6"><span class='ocrx_word' id='word_1_62' title='bbox 251 854 698 953; x_wconf 47' lang='grc' dir='ltr'>οοῃοῗὸἐέἱᾋῦ-Ἧψ</span> <span class='ocrx_word' id='word_1_63' title='bbox 751 907 999 959; x_wconf 88' lang='lat' dir='ltr'>(Johannis</span> <span class='ocrx_word' id='word_1_64' title='bbox 1049 905 1231 956; x_wconf 86' lang='lat' dir='ltr'>Wiclif)</span> <span class='ocrx_word' id='word_1_65' title='bbox 1276 904 1526 945; x_wconf 87' lang='lat' dir='ltr'>Sermones</span> <span class='ocrx_word' id='word_1_66' title='bbox 1573 902 1664 942; x_wconf 88' lang='lat' dir='ltr'>duo</span> <span class='ocrx_word' id='word_1_67' title='bbox 1697 913 1829 953; x_wconf 88' lang='lat' dir='ltr'>super</span> <span class='ocrx_word' id='word_1_68' title='bbox 1863 901 2002 941; x_wconf 87' lang='lat' dir='ltr'>»Ecce</span> <span class='ocrx_word' id='word_1_69' title='bbox 2037 912 2118 951; x_wconf 88' lang='lat' dir='ltr'>ego</span> 
     </span>
     <span class='ocr_line' id='line_1_10' title="bbox 249 958 2115 1018; baseline -0.008 -7"><span class='ocrx_word' id='word_1_70' title='bbox 249 970 473 1012; x_wconf 85' lang='lat' dir='ltr'>Johannes</span> <span class='ocrx_word' id='word_1_71' title='bbox 505 968 590 1008; x_wconf 89' lang='lat' dir='ltr'>vidi</span> <span class='ocrx_word' id='word_1_72' title='bbox 621 966 849 1018; x_wconf 84' lang='lat' dir='ltr'><strong>angelum«</strong></span> <span class='ocrx_word' id='word_1_73' title='bbox 871 969 912 1005; x_wconf 92' lang='lat' dir='ltr'>et</span> <span class='ocrx_word' id='word_1_74' title='bbox 938 964 1274 1005; x_wconf 80' lang='lat' dir='ltr'>»Convertimini</span> <span class='ocrx_word' id='word_1_75' title='bbox 1295 962 1351 1002; x_wconf 88' lang='lat' dir='ltr'>ad</span> <span class='ocrx_word' id='word_1_76' title='bbox 1374 973 1469 1001; x_wconf 79' lang='lat' dir='ltr'>me«</span> <span class='ocrx_word' id='word_1_77' title='bbox 1495 959 1744 1012; x_wconf 88' lang='lat' dir='ltr'>(adversus</span> <span class='ocrx_word' id='word_1_78' title='bbox 1767 958 2115 1009; x_wconf 83' lang='lat' dir='ltr'>indulgentias).</span> 
     </span>
     <span class='ocr_line' id='line_1_11' title="bbox 251 1025 752 1070; baseline -0.014 0"><span class='ocrx_word' id='word_1_79' title='bbox 251 1029 333 1070; x_wconf 91' lang='lat' dir='ltr'>Ed.</span> <span class='ocrx_word' id='word_1_80' title='bbox 367 1027 548 1068; x_wconf 89' lang='lat' dir='ltr'>Loserth</span> <span class='ocrx_word' id='word_1_81' title='bbox 579 1025 752 1065; x_wconf 89' lang='lat' dir='ltr'>ibidem.</span> 
     </span>
    </p>
   </div>
   <div class='ocr_carea' id='block_1_7' title="bbox 250 1088 2120 1203">
    <p class='ocr_par' dir='ltr' id='par_1_7' title="bbox 250 1088 2120 1203">
     <span class='ocr_line' id='line_1_12' title="bbox 394 1088 2120 1145; baseline -0.006 -9"><span class='ocrx_word' id='word_1_82' title='bbox 394 1096 422 1136; x_wconf 91' lang='lat' dir='ltr'>f.</span> <span class='ocrx_word' id='word_1_83' title='bbox 455 1093 729 1136; x_wconf 54' lang='grc' dir='ltr'>2711)--285ει</span> <span class='ocrx_word' id='word_1_84' title='bbox 763 1092 974 1145; x_wconf 86' lang='lat' dir='ltr'>(anepigr.)</span> <span class='ocrx_word' id='word_1_85' title='bbox 1004 1091 1238 1132; x_wconf 86' lang='lat' dir='ltr'>Johannis</span> <span class='ocrx_word' id='word_1_86' title='bbox 1269 1090 1370 1130; x_wconf 89' lang='lat' dir='ltr'>Hus</span> <span class='ocrx_word' id='word_1_87' title='bbox 1415 1089 1656 1130; x_wconf 85' lang='lat' dir='ltr'>Tractatus</span> <span class='ocrx_word' id='word_1_88' title='bbox 1689 1091 1851 1128; x_wconf 90' lang='lat' dir='ltr'>contra</span> <span class='ocrx_word' id='word_1_89' title='bbox 1897 1088 2120 1127; x_wconf 83' lang='lat' dir='ltr'>adversa-</span> 
     </span>
     <span class='ocr_line' id='line_1_13' title="bbox 250 1145 2120 1203; baseline -0.008 -6"><span class='ocrx_word' id='word_1_90' title='bbox 250 1155 373 1196; x_wconf 86' lang='lat' dir='ltr'>rium</span> <span class='ocrx_word' id='word_1_91' title='bbox 406 1153 653 1195; x_wconf 84' lang='lat' dir='ltr'>oecultum.</span> <span class='ocrx_word' id='word_1_92' title='bbox 704 1151 843 1203; x_wconf 76' lang='lat' dir='ltr'>»Quia</span> <span class='ocrx_word' id='word_1_93' title='bbox 889 1150 1154 1202; x_wconf 89' lang='lat' dir='ltr'>predicando</span> <span class='ocrx_word' id='word_1_94' title='bbox 1187 1148 1486 1199; x_wconf 87' lang='lat' dir='ltr'>evangelium«</span> <span class='ocrx_word' id='word_1_95' title='bbox 1550 1148 1593 1183; x_wconf 94' lang='grc'>&gt;&lt;</span> <span class='ocrx_word' id='word_1_96' title='bbox 1660 1158 1740 1185; x_wconf 81' lang='lat' dir='ltr'>»ex</span> <span class='ocrx_word' id='word_1_97' title='bbox 1787 1145 2120 1197; x_wconf 85' lang='lat' dir='ltr'>proprietatibus</span> 
     </span>
    </p>
   </div>
   <div class='ocr_carea' id='block_1_8' title="bbox 249 1223 2122 1390">
    <p class='ocr_par' dir='ltr' id='par_1_8' title="bbox 249 1223 2122 1390">
     <span class='ocr_line' id='line_1_14' title="bbox 252 1223 581 1266; baseline -0.027 -10"><span class='ocrx_word' id='word_1_98' title='bbox 252 1223 581 1266; x_wconf 74' lang='lat' dir='ltr'>personarum«</span> 
     </span>
     <span class='ocr_line' id='line_1_15' title="bbox 394 1272 2122 1327; baseline -0.006 -6"><span class='ocrx_word' id='word_1_99' title='bbox 394 1281 423 1321; x_wconf 88' lang='lat' dir='ltr'>f.</span> <span class='ocrx_word' id='word_1_100' title='bbox 456 1279 729 1321; x_wconf 64' lang='lat'>2852—286‘2</span> <span class='ocrx_word' id='word_1_101' title='bbox 763 1281 974 1327; x_wconf 88' lang='lat' dir='ltr'>(anepigr.)</span> <span class='ocrx_word' id='word_1_102' title='bbox 1007 1276 1161 1317; x_wconf 83' lang='lat' dir='ltr'>Sermo</span> <span class='ocrx_word' id='word_1_103' title='bbox 1193 1279 1235 1316; x_wconf 91' lang='lat' dir='ltr'>in</span> <span class='ocrx_word' id='word_1_104' title='bbox 1267 1275 1354 1315; x_wconf 88' lang='lat' dir='ltr'>fine</span> <span class='ocrx_word' id='word_1_105' title='bbox 1387 1285 1585 1322; x_wconf 89' lang='lat' dir='ltr'>mancus,</span> <span class='ocrx_word' id='word_1_106' title='bbox 1619 1276 1858 1325; x_wconf 77' lang='lat' dir='ltr'>incipiens:</span> <span class='ocrx_word' id='word_1_107' title='bbox 1896 1272 2015 1312; x_wconf 79' lang='lat' dir='ltr'>»Hoc</span> <span class='ocrx_word' id='word_1_108' title='bbox 2049 1282 2122 1310; x_wconf 89' lang='lat' dir='ltr'>au·</span> 
     </span>
     <span class='ocr_line' id='line_1_16' title="bbox 249 1332 1991 1390; baseline -0.007 -8"><span class='ocrx_word' id='word_1_109' title='bbox 249 1344 337 1382; x_wconf 88' lang='lat' dir='ltr'>tem</span> <span class='ocrx_word' id='word_1_110' title='bbox 362 1342 492 1386; x_wconf 82' lang='lat' dir='ltr'>scito,</span> <span class='ocrx_word' id='word_1_111' title='bbox 525 1338 643 1390; x_wconf 90' lang='lat' dir='ltr'>quod</span> <span class='ocrx_word' id='word_1_112' title='bbox 675 1340 717 1377; x_wconf 91' lang='lat' dir='ltr'>in</span> <span class='ocrx_word' id='word_1_113' title='bbox 749 1338 1002 1376; x_wconf 90' lang='lat' dir='ltr'>novissimis</span> <span class='ocrx_word' id='word_1_114' title='bbox 1034 1335 1190 1374; x_wconf 90' lang='lat' dir='ltr'>diebus</span> <span class='ocrx_word' id='word_1_115' title='bbox 1222 1334 1448 1374; x_wconf 84' lang='lat' dir='ltr'>instabunt</span> <span class='ocrx_word' id='word_1_116' title='bbox 1478 1336 1676 1383; x_wconf 88' lang='lat' dir='ltr'>tempora</span> <span class='ocrx_word' id='word_1_117' title='bbox 1707 1332 1991 1383; x_wconf 72' lang='lat' dir='ltr'>periculosa«</span> 
     </span>
    </p>
   </div>
   <div class='ocr_carea' id='block_1_9' title="bbox 251 1413 2123 1817">
    <p class='ocr_par' dir='ltr' id='par_1_9' title="bbox 251 1413 2123 1817">
     <span class='ocr_line' id='line_1_17' title="bbox 390 1413 2115 1463; baseline -0.006 -4"><span class='ocrx_word' id='word_1_118' title='bbox 390 1422 576 1459; x_wconf 81' lang='lat' dir='ltr'>codicem</span> <span class='ocrx_word' id='word_1_119' title='bbox 608 1424 783 1457; x_wconf 89' lang='lat' dir='ltr'>nostrum</span> <span class='ocrx_word' id='word_1_120' title='bbox 814 1421 1007 1455; x_wconf 84' lang='lat' dir='ltr'>recensuit</span> <span class='ocrx_word' id='word_1_121' title='bbox 1037 1418 1301 1463; x_wconf 82' lang='lat' dir='ltr'>Budclensieg,</span> <span class='ocrx_word' id='word_1_122' title='bbox 1363 1416 1450 1452; x_wconf 86' lang='lat' dir='ltr'>Joh.</span> <span class='ocrx_word' id='word_1_123' title='bbox 1493 1415 1650 1452; x_wconf 87' lang='lat' dir='ltr'>Wiclifs</span> <span class='ocrx_word' id='word_1_124' title='bbox 1681 1415 1747 1451; x_wconf 86' lang='lat' dir='ltr'>lat.</span> <span class='ocrx_word' id='word_1_125' title='bbox 1796 1413 2115 1457; x_wconf 81' lang='lat' dir='ltr'>Streitsehriften,</span> 
     </span>
     <span class='ocr_line' id='line_1_18' title="bbox 251 1471 2123 1528; baseline -0.006 -11"><span class='ocrx_word' id='word_1_126' title='bbox 251 1480 408 1528; x_wconf 87' lang='lat' dir='ltr'>Leipzig</span> <span class='ocrx_word' id='word_1_127' title='bbox 443 1479 564 1526; x_wconf 77' lang='lat'>1883,</span> <span class='ocrx_word' id='word_1_128' title='bbox 597 1479 712 1526; x_wconf 87' lang='lat' dir='ltr'>praef.</span> <span class='ocrx_word' id='word_1_129' title='bbox 745 1489 782 1525; x_wconf 90' lang='lat' dir='ltr'>p.</span> <span class='ocrx_word' id='word_1_130' title='bbox 816 1477 874 1522; x_wconf 91' lang='lat' dir='ltr'>LI,</span> <span class='ocrx_word' id='word_1_131' title='bbox 908 1478 974 1524; x_wconf 85' lang='lat' dir='ltr'>qui</span> <span class='ocrx_word' id='word_1_132' title='bbox 1005 1477 1210 1522; x_wconf 83' lang='lat' dir='ltr'>registrum</span> <span class='ocrx_word' id='word_1_133' title='bbox 1242 1478 1513 1511; x_wconf 87' lang='lat' dir='ltr'>contentorum</span> <span class='ocrx_word' id='word_1_134' title='bbox 1554 1475 1594 1509; x_wconf 89' lang='lat' dir='ltr'>in</span> <span class='ocrx_word' id='word_1_135' title='bbox 1637 1473 1862 1508; x_wconf 88' lang='lat' dir='ltr'>membrana</span> <span class='ocrx_word' id='word_1_136' title='bbox 1908 1471 2123 1518; x_wconf 88' lang='lat' dir='ltr'>praeligata</span> 
     </span>
     <span class='ocr_line' id='line_1_19' title="bbox 252 1528 2122 1581; baseline -0.006 -6"><span class='ocrx_word' id='word_1_137' title='bbox 252 1549 371 1575; x_wconf 79' lang='lat' dir='ltr'>manu</span> <span class='ocrx_word' id='word_1_138' title='bbox 402 1548 507 1574; x_wconf 87' lang='lat' dir='ltr'>saec.</span> <span class='ocrx_word' id='word_1_139' title='bbox 553 1536 626 1573; x_wconf 92' lang='lat' dir='ltr'>XV</span> <span class='ocrx_word' id='word_1_140' title='bbox 658 1540 860 1572; x_wconf 84' lang='lat' dir='ltr'>exaratum</span> <span class='ocrx_word' id='word_1_141' title='bbox 907 1534 1127 1581; x_wconf 86' lang='lat' dir='ltr'>descripsit.</span> <span class='ocrx_word' id='word_1_142' title='bbox 1175 1532 1254 1569; x_wconf 89' lang='lat' dir='ltr'>Sed</span> <span class='ocrx_word' id='word_1_143' title='bbox 1284 1532 1492 1579; x_wconf 88' lang='lat' dir='ltr'>registrum</span> <span class='ocrx_word' id='word_1_144' title='bbox 1523 1532 1599 1567; x_wconf 89' lang='lat' dir='ltr'>hoc</span> <span class='ocrx_word' id='word_1_145' title='bbox 1632 1540 1715 1568; x_wconf 91' lang='lat' dir='ltr'>non</span> <span class='ocrx_word' id='word_1_146' title='bbox 1747 1534 1806 1566; x_wconf 89' lang='lat' dir='ltr'>est</span> <span class='ocrx_word' id='word_1_147' title='bbox 1838 1532 2044 1576; x_wconf 87' lang='lat' dir='ltr'>integrum.</span> <span class='ocrx_word' id='word_1_148' title='bbox 2078 1528 2122 1564; x_wconf 90' lang='lat' dir='ltr'>In</span> 
     </span>
     <span class='ocr_line' id='line_1_20' title="bbox 251 1588 2119 1641; baseline -0.006 -7"><span class='ocrx_word' id='word_1_149' title='bbox 251 1597 538 1634; x_wconf 79' lang='lat' dir='ltr'>constituendis</span> <span class='ocrx_word' id='word_1_150' title='bbox 569 1595 693 1631; x_wconf 89' lang='lat' dir='ltr'>titulis</span> <span class='ocrx_word' id='word_1_151' title='bbox 725 1593 1007 1641; x_wconf 87' lang='lat' dir='ltr'>opusculorum</span> <span class='ocrx_word' id='word_1_152' title='bbox 1038 1591 1326 1629; x_wconf 88' lang='lat' dir='ltr'>Wiclificorum</span> <span class='ocrx_word' id='word_1_153' title='bbox 1373 1601 1516 1636; x_wconf 87' lang='lat' dir='ltr'>magna</span> <span class='ocrx_word' id='word_1_154' title='bbox 1547 1600 1596 1626; x_wconf 89' lang='lat' dir='ltr'>ex</span> <span class='ocrx_word' id='word_1_155' title='bbox 1627 1593 1732 1636; x_wconf 88' lang='lat' dir='ltr'>parte</span> <span class='ocrx_word' id='word_1_156' title='bbox 1766 1588 2119 1634; x_wconf 87' lang='lat' dir='ltr'>anepigraphorum</span> 
     </span>
     <span class='ocr_line' id='line_1_21' title="bbox 251 1645 2118 1698; baseline -0.006 -6"><span class='ocrx_word' id='word_1_157' title='bbox 251 1656 356 1692; x_wconf 78' lang='lat' dir='ltr'>hanc</span> <span class='ocrx_word' id='word_1_158' title='bbox 386 1655 597 1691; x_wconf 87' lang='lat' dir='ltr'>editionem</span> <span class='ocrx_word' id='word_1_159' title='bbox 628 1652 1010 1698; x_wconf 84' lang='lat' dir='ltr'>Buddensiegianam</span> <span class='ocrx_word' id='word_1_160' title='bbox 1044 1649 1167 1689; x_wconf 89' lang='lat' dir='ltr'>secuti</span> <span class='ocrx_word' id='word_1_161' title='bbox 1200 1659 1351 1688; x_wconf 89' lang='lat' dir='ltr'>sumus.</span> <span class='ocrx_word' id='word_1_162' title='bbox 1395 1647 1451 1685; x_wconf 91' lang='lat' dir='ltr'>Cf.</span> <span class='ocrx_word' id='word_1_163' title='bbox 1485 1649 1604 1684; x_wconf 85' lang='lat' dir='ltr'>etiam</span> <span class='ocrx_word' id='word_1_164' title='bbox 1650 1647 1812 1683; x_wconf 87' lang='lat' dir='ltr'>Loserth</span> <span class='ocrx_word' id='word_1_165' title='bbox 1858 1645 1977 1692; x_wconf 80' lang='lat' dir='ltr'>praef.</span> <span class='ocrx_word' id='word_1_166' title='bbox 2027 1646 2118 1681; x_wconf 86' lang='lat' dir='ltr'>edit.</span> 
     </span>
     <span class='ocr_line' id='line_1_22' title="bbox 253 1702 2122 1754; baseline -0.005 -5"><span class='ocrx_word' id='word_1_167' title='bbox 253 1712 457 1749; x_wconf 84' lang='lat' dir='ltr'>Tractatus</span> <span class='ocrx_word' id='word_1_168' title='bbox 490 1713 537 1748; x_wconf 87' lang='lat' dir='ltr'>de</span> <span class='ocrx_word' id='word_1_169' title='bbox 569 1710 806 1747; x_wconf 86' lang='lat' dir='ltr'>eucharistia</span> <span class='ocrx_word' id='word_1_170' title='bbox 837 1709 1001 1746; x_wconf 92' lang='lat' dir='ltr'>London</span> <span class='ocrx_word' id='word_1_171' title='bbox 1040 1708 1144 1744; x_wconf 83' lang='lat'>1892</span> <span class='ocrx_word' id='word_1_172' title='bbox 1179 1718 1216 1754; x_wconf 90' lang='lat' dir='ltr'>p.</span> <span class='ocrx_word' id='word_1_173' title='bbox 1249 1706 1371 1743; x_wconf 93' lang='lat' dir='ltr'>LXVI</span> <span class='ocrx_word' id='word_1_174' title='bbox 1403 1710 1439 1742; x_wconf 91' lang='lat' dir='ltr'>et</span> <span class='ocrx_word' id='word_1_175' title='bbox 1471 1706 1560 1744; x_wconf 89' lang='lat' dir='ltr'>edit.</span> <span class='ocrx_word' id='word_1_176' title='bbox 1595 1705 1827 1741; x_wconf 84' lang='lat' dir='ltr'>Sermonum</span> <span class='ocrx_word' id='word_1_177' title='bbox 1874 1704 1927 1739; x_wconf 92' lang='lat' dir='ltr'>IV</span> <span class='ocrx_word' id='word_1_178' title='bbox 1974 1716 2009 1750; x_wconf 89' lang='lat' dir='ltr'>p.</span> <span class='ocrx_word' id='word_1_179' title='bbox 2058 1702 2122 1740; x_wconf 88' lang='lat' dir='ltr'>XI.</span> 
     </span>
     <span class='ocr_line' id='line_1_23' title="bbox 253 1763 677 1817; baseline -0.005 -11"><span class='ocrx_word' id='word_1_180' title='bbox 253 1770 378 1817; x_wconf 84' lang='lat' dir='ltr'>Vetus</span> <span class='ocrx_word' id='word_1_181' title='bbox 410 1770 510 1817; x_wconf 86' lang='lat' dir='ltr'>sign.</span> <span class='ocrx_word' id='word_1_182' title='bbox 539 1769 586 1813; x_wconf 87' lang='lat' dir='ltr'>A,</span> <span class='ocrx_word' id='word_1_183' title='bbox 621 1763 677 1805; x_wconf 85' lang='lat'>2⁰.</span> 
     </span>
    </p>
   </div>
   <div class='ocr_carea' id='block_1_10' title="bbox 253 1889 1741 2038">
    <p class='ocr_par' dir='ltr' id='par_1_10' title="bbox 253 1889 1741 2038">
     <span class='ocr_line' id='line_1_24' title="bbox 393 1889 1500 1946; baseline -0.014 0"><span class='ocrx_word' id='word_1_184' title='bbox 393 1893 501 1946; x_wconf 84' lang='lat'>537</span> <span class='ocrx_word' id='word_1_185' title='bbox 851 1890 946 1939; x_wconf 86' lang='lat' dir='ltr'>III.</span> <span class='ocrx_word' id='word_1_186' title='bbox 990 1889 1046 1938; x_wconf 91' lang='lat' dir='ltr'>G.</span> <span class='ocrx_word' id='word_1_187' title='bbox 1085 1889 1165 1937; x_wconf 78' lang='lat'>12.</span> <span class='ocrx_word' id='word_1_188' title='bbox 1194 1899 1255 1942; x_wconf 87' lang='lat' dir='ltr'>(Y.</span> <span class='ocrx_word' id='word_1_189' title='bbox 1280 1900 1307 1933; x_wconf 85' lang='lat' dir='ltr'>I.</span> <span class='ocrx_word' id='word_1_190' title='bbox 1334 1900 1366 1931; x_wconf 84' lang='lat'>2.</span> <span class='ocrx_word' id='word_1_191' title='bbox 1393 1909 1428 1932; x_wconf 76' lang='lat' dir='ltr'>n.</span> <span class='ocrx_word' id='word_1_192' title='bbox 1452 1900 1500 1938; x_wconf 78' lang='lat'>3.)</span> 
     </span>
     <span class='ocr_line' id='line_1_25' title="bbox 253 1979 1741 2038; baseline -0.007 -9"><span class='ocrx_word' id='word_1_193' title='bbox 253 1987 397 2029; x_wconf 86' lang='lat' dir='ltr'>chart.</span> <span class='ocrx_word' id='word_1_194' title='bbox 427 1998 544 2028; x_wconf 83' lang='lat' dir='ltr'>saec.</span> <span class='ocrx_word' id='word_1_195' title='bbox 578 1984 912 2038; x_wconf 77' lang='lat' dir='ltr'>XIV-XVff.</span> <span class='ocrx_word' id='word_1_196' title='bbox 945 1984 1030 2024; x_wconf 80' lang='lat'>193</span> <span class='ocrx_word' id='word_1_197' title='bbox 1060 1995 1196 2033; x_wconf 65' lang='lat' dir='ltr'>num„</span> <span class='ocrx_word' id='word_1_198' title='bbox 1229 1982 1462 2023; x_wconf 81' lang='lat'><em>21·5&gt;&lt;]6</em></span> <span class='ocrx_word' id='word_1_199' title='bbox 1492 1993 1575 2021; x_wconf 85' lang='lat' dir='ltr'>cm.</span> <span class='ocrx_word' id='word_1_200' title='bbox 1608 1979 1649 2019; x_wconf 85' lang='lat' dir='ltr'>d.</span> <span class='ocrx_word' id='word_1_201' title='bbox 1682 1992 1741 2020; x_wconf 81' lang='lat' dir='ltr'>m.</span> 
     </span>
    </p>
   </div>
   <div class='ocr_carea' id='block_1_11' title="bbox 251 2061 2127 2295">
    <p class='ocr_par' dir='ltr' id='par_1_11' title="bbox 251 2061 2127 2295">
     <span class='ocr_line' id='line_1_26' title="bbox 399 2061 2120 2118; baseline -0.005 -9"><span class='ocrx_word' id='word_1_202' title='bbox 399 2068 426 2108; x_wconf 85' lang='lat' dir='ltr'>f.</span> <span class='ocrx_word' id='word_1_203' title='bbox 465 2065 625 2108; x_wconf 75' lang='lat' dir='ltr'>1—-46b</span> <span class='ocrx_word' id='word_1_204' title='bbox 685 2066 861 2118; x_wconf 90' lang='lat' dir='ltr'>Hymni</span> <span class='ocrx_word' id='word_1_205' title='bbox 909 2064 1216 2106; x_wconf 86' lang='lat' dir='ltr'>ecclesiastici</span> <span class='ocrx_word' id='word_1_206' title='bbox 1262 2075 1369 2103; x_wconf 91' lang='lat' dir='ltr'>cum</span> <span class='ocrx_word' id='word_1_207' title='bbox 1400 2061 1697 2113; x_wconf 87' lang='lat' dir='ltr'>expositione</span> <span class='ocrx_word' id='word_1_208' title='bbox 1728 2061 1873 2102; x_wconf 88' lang='lat' dir='ltr'>latina</span> <span class='ocrx_word' id='word_1_209' title='bbox 1905 2064 1951 2101; x_wconf 92' lang='lat' dir='ltr'>et</span> <span class='ocrx_word' id='word_1_210' title='bbox 1982 2061 2120 2101; x_wconf 89' lang='lat' dir='ltr'>inter-</span> 
     </span>
     <span class='ocr_line' id='line_1_27' title="bbox 252 2115 2124 2179; baseline -0.006 -10"><span class='ocrx_word' id='word_1_211' title='bbox 252 2127 515 2179; x_wconf 84' lang='lat' dir='ltr'>pretatione</span> <span class='ocrx_word' id='word_1_212' title='bbox 545 2125 790 2167; x_wconf 87' lang='lat' dir='ltr'>bohemica</span> <span class='ocrx_word' id='word_1_213' title='bbox 820 2123 1122 2164; x_wconf 86' lang='lat' dir='ltr'>interlineari.</span> <span class='ocrx_word' id='word_1_214' title='bbox 1185 2121 1395 2174; x_wconf 89' lang='lat' dir='ltr'>(Hymny</span> <span class='ocrx_word' id='word_1_215' title='bbox 1437 2115 1650 2161; x_wconf 81' lang='lat' dir='ltr'>cirkevni</span> <span class='ocrx_word' id='word_1_216' title='bbox 1687 2117 1893 2160; x_wconf 80' lang='lat' dir='ltr'>latinske</span> <span class='ocrx_word' id='word_1_217' title='bbox 1926 2130 1949 2159; x_wconf 94' lang='lat' dir='ltr'>s</span> <span class='ocrx_word' id='word_1_218' title='bbox 1982 2119 2124 2159; x_wconf 90' lang='lat' dir='ltr'>mezi-</span> 
     </span>
     <span class='ocr_line' id='line_1_28' title="bbox 251 2176 2127 2295; baseline -0.006 -68"><span class='ocrx_word' id='word_1_219' title='bbox 251 2181 514 2295; x_wconf 51' lang='grc' dir='ltr'>ἷέἀὶῖοἶῇηι</span> <span class='ocrx_word' id='word_1_220' title='bbox 543 2180 811 2236; x_wconf 63' lang='grc' dir='ltr'>ρῖεΚΙειᾱθηι</span> <span class='ocrx_word' id='word_1_221' title='bbox 858 2178 1086 2232; x_wconf 61' lang='lat' dir='ltr'>Eeskym.)</span> <span class='ocrx_word' id='word_1_222' title='bbox 1148 2177 1335 2228; x_wconf 71' lang='lat' dir='ltr'>(Hanus,</span> <span class='ocrx_word' id='word_1_223' title='bbox 1380 2179 1599 2230; x_wconf 86' lang='lat' dir='ltr'>Dodavky</span> <span class='ocrx_word' id='word_1_224' title='bbox 1649 2179 1677 2228; x_wconf 91' lang='grc' dir='ltr'>Ι,</span> <span class='ocrx_word' id='word_1_225' title='bbox 1725 2178 1765 2225; x_wconf 83' lang='grc'>6,</span> <span class='ocrx_word' id='word_1_226' title='bbox 1808 2178 1859 2217; x_wconf 86' lang='lat' dir='ltr'>cf.</span> <span class='ocrx_word' id='word_1_227' title='bbox 1910 2178 2008 2217; x_wconf 90' lang='lat' dir='ltr'>cod.</span> <span class='ocrx_word' id='word_1_228' title='bbox 2058 2176 2127 2216; x_wconf 85' lang='lat' dir='ltr'>XI.</span> 
     </span>
    </p>
   </div>
   <div class='ocr_carea' id='block_1_12' title="bbox 399 2309 1589 2421">
    <p class='ocr_par' dir='ltr' id='par_1_12' title="bbox 399 2309 1589 2421">
     <span class='ocr_line' id='line_1_29' title="bbox 399 2309 1589 2363; baseline -0.006 -11"><span class='ocrx_word' id='word_1_229' title='bbox 399 2312 426 2352; x_wconf 87' lang='lat' dir='ltr'>s.</span> <span class='ocrx_word' id='word_1_230' title='bbox 458 2311 677 2351; x_wconf 54' lang='lat' dir='ltr'>47‘2—--48a</span> <span class='ocrx_word' id='word_1_231' title='bbox 707 2311 870 2363; x_wconf 90' lang='lat' dir='ltr'>Hymni</span> <span class='ocrx_word' id='word_1_232' title='bbox 903 2310 1067 2360; x_wconf 82' lang='lat' dir='ltr'>aliquot</span> <span class='ocrx_word' id='word_1_233' title='bbox 1098 2311 1192 2347; x_wconf 91' lang='lat' dir='ltr'>sine</span> <span class='ocrx_word' id='word_1_234' title='bbox 1225 2309 1589 2358; x_wconf 84' lang='lat' dir='ltr'>interpretatione.</span> 
     </span>
     <span class='ocr_line' id='line_1_30' title="bbox 401 2378 956 2421; baseline -0.005 0"><span class='ocrx_word' id='word_1_235' title='bbox 401 2381 427 2421; x_wconf 90' lang='lat' dir='ltr'>f.</span> <span class='ocrx_word' id='word_1_236' title='bbox 460 2378 539 2421; x_wconf 83' lang='lat' dir='ltr'>48b</span> <span class='ocrx_word' id='word_1_237' title='bbox 570 2379 709 2421; x_wconf 89' lang='lat' dir='ltr'>Notae</span> <span class='ocrx_word' id='word_1_238' title='bbox 746 2380 956 2419; x_wconf 82' lang='lat' dir='ltr'>medicae.</span> 
     </span>
    </p>
   </div>
   <div class='ocr_carea' id='block_1_13' title="bbox 253 2445 2128 2676">
    <p class='ocr_par' dir='ltr' id='par_1_13' title="bbox 253 2445 2128 2676">
     <span class='ocr_line' id='line_1_31' title="bbox 399 2445 2128 2499; baseline -0.004 -9"><span class='ocrx_word' id='word_1_239' title='bbox 399 2450 427 2489; x_wconf 87' lang='lat' dir='ltr'>f.</span> <span class='ocrx_word' id='word_1_240' title='bbox 461 2447 678 2490; x_wconf 68' lang='lat'>492—6612</span> <span class='ocrx_word' id='word_1_241' title='bbox 708 2448 930 2490; x_wconf 88' lang='lat' dir='ltr'>Bernardi</span> <span class='ocrx_word' id='word_1_242' title='bbox 963 2446 1321 2499; x_wconf 89' lang='lat' dir='ltr'>(Morlanensis)</span> <span class='ocrx_word' id='word_1_243' title='bbox 1354 2445 1490 2486; x_wconf 89' lang='lat' dir='ltr'>Liber</span> <span class='ocrx_word' id='word_1_244' title='bbox 1521 2445 1577 2485; x_wconf 91' lang='lat' dir='ltr'>de</span> <span class='ocrx_word' id='word_1_245' title='bbox 1620 2447 1889 2495; x_wconf 88' lang='lat' dir='ltr'>contemptu</span> <span class='ocrx_word' id='word_1_246' title='bbox 1938 2445 2128 2483; x_wconf 87' lang='lat' dir='ltr'>munda-</span> 
     </span>
     <span class='ocr_line' id='line_1_32' title="bbox 253 2501 2128 2558; baseline -0.004 -9"><span class='ocrx_word' id='word_1_247' title='bbox 253 2519 424 2549; x_wconf 84' lang='lat' dir='ltr'>norum</span> <span class='ocrx_word' id='word_1_248' title='bbox 453 2510 501 2549; x_wconf 88' lang='lat' dir='ltr'>et</span> <span class='ocrx_word' id='word_1_249' title='bbox 530 2508 801 2548; x_wconf 86' lang='lat' dir='ltr'>caelestium</span> <span class='ocrx_word' id='word_1_250' title='bbox 833 2506 1042 2558; x_wconf 84' lang='lat' dir='ltr'>appetitu</span> <span class='ocrx_word' id='word_1_251' title='bbox 1059 2516 1166 2545; x_wconf 88' lang='lat' dir='ltr'>eum</span> <span class='ocrx_word' id='word_1_252' title='bbox 1197 2503 1508 2555; x_wconf 85' lang='lat' dir='ltr'>expositione.</span> <span class='ocrx_word' id='word_1_253' title='bbox 1540 2502 1698 2556; x_wconf 85' lang='lat' dir='ltr'>(Incipit</span> <span class='ocrx_word' id='word_1_254' title='bbox 1724 2515 1861 2551; x_wconf 80' lang='lat' dir='ltr'>expos.</span> <span class='ocrx_word' id='word_1_255' title='bbox 1877 2501 1905 2552; x_wconf 92' lang='lat'>:)</span> <span class='ocrx_word' id='word_1_256' title='bbox 1942 2501 2128 2542; x_wconf 87' lang='lat' dir='ltr'>»Omnia</span> 
     </span>
     <span class='ocr_line' id='line_1_33' title="bbox 255 2559 2126 2617; baseline -0.004 -11"><span class='ocrx_word' id='word_1_257' title='bbox 255 2566 452 2606; x_wconf 85' lang='lat' dir='ltr'>mortalia</span> <span class='ocrx_word' id='word_1_258' title='bbox 483 2568 773 2606; x_wconf 81' lang='lat' dir='ltr'>minuuntur.«</span> <span class='ocrx_word' id='word_1_259' title='bbox 810 2566 1025 2617; x_wconf 87' lang='lat' dir='ltr'>(Incipiunt</span> <span class='ocrx_word' id='word_1_260' title='bbox 1056 2575 1196 2602; x_wconf 86' lang='lat' dir='ltr'>versus</span> <span class='ocrx_word' id='word_1_261' title='bbox 1210 2562 1238 2610; x_wconf 79' lang='lat' dir='ltr'>z)</span> <span class='ocrx_word' id='word_1_262' title='bbox 1274 2561 1475 2603; x_wconf 85' lang='lat' dir='ltr'>»Cartula</span> <span class='ocrx_word' id='word_1_263' title='bbox 1492 2565 1644 2601; x_wconf 90' lang='lat' dir='ltr'>nostra</span> <span class='ocrx_word' id='word_1_264' title='bbox 1675 2561 1773 2600; x_wconf 90' lang='lat' dir='ltr'>tibi«</span> <span class='ocrx_word' id='word_1_265' title='bbox 1810 2561 1852 2597; x_wconf 90' lang='lat'>&gt;&lt;</span> <span class='ocrx_word' id='word_1_266' title='bbox 1890 2559 2010 2599; x_wconf 84' lang='lat' dir='ltr'>»Hoc</span> <span class='ocrx_word' id='word_1_267' title='bbox 2054 2560 2126 2599; x_wconf 88' lang='lat' dir='ltr'>tibi</span> 
     </span>
     <span class='ocr_line' id='line_1_34' title="bbox 257 2624 1261 2676; baseline -0.005 -12"><span class='ocrx_word' id='word_1_268' title='bbox 257 2624 331 2664; x_wconf 89' lang='lat' dir='ltr'>det</span> <span class='ocrx_word' id='word_1_269' title='bbox 361 2635 537 2671; x_wconf 89' lang='lat' dir='ltr'>munus,</span> <span class='ocrx_word' id='word_1_270' title='bbox 571 2626 642 2676; x_wconf 89' lang='lat' dir='ltr'>qui</span> <span class='ocrx_word' id='word_1_271' title='bbox 675 2627 827 2675; x_wconf 85' lang='lat' dir='ltr'>regnat</span> <span class='ocrx_word' id='word_1_272' title='bbox 858 2626 995 2662; x_wconf 90' lang='lat' dir='ltr'>trinus</span> <span class='ocrx_word' id='word_1_273' title='bbox 1029 2625 1071 2661; x_wconf 86' lang='lat' dir='ltr'>et</span> <span class='ocrx_word' id='word_1_274' title='bbox 1102 2631 1261 2660; x_wconf 70' lang='lat' dir='ltr'>unus«</span> 
     </span>
    </p>
   </div>
   <div class='ocr_carea' id='block_1_14' title="bbox 256 2687 2131 3219">
    <p class='ocr_par' dir='ltr' id='par_1_14' title="bbox 258 2687 2129 2918">
     <span class='ocr_line' id='line_1_35' title="bbox 401 2687 2129 2743; baseline -0.003 -10"><span class='ocrx_word' id='word_1_275' title='bbox 401 2692 428 2733; x_wconf 85' lang='lat' dir='ltr'>f.</span> <span class='ocrx_word' id='word_1_276' title='bbox 461 2692 677 2733; x_wconf 64' lang='grc' dir='ltr'>67“’*-83ει</span> <span class='ocrx_word' id='word_1_277' title='bbox 708 2691 958 2733; x_wconf 87' lang='lat' dir='ltr'>Theobaldi</span> <span class='ocrx_word' id='word_1_278' title='bbox 979 2690 1297 2743; x_wconf 85' lang='lat' dir='ltr'>Physiologus</span> <span class='ocrx_word' id='word_1_279' title='bbox 1329 2689 1385 2730; x_wconf 90' lang='lat' dir='ltr'>de</span> <span class='ocrx_word' id='word_1_280' title='bbox 1416 2688 1599 2729; x_wconf 86' lang='lat' dir='ltr'>naturis</span> <span class='ocrx_word' id='word_1_281' title='bbox 1635 2687 1686 2728; x_wconf 88' lang='grc'>12</span> <span class='ocrx_word' id='word_1_282' title='bbox 1718 2687 1990 2729; x_wconf 85' lang='lat' dir='ltr'>animalium</span> <span class='ocrx_word' id='word_1_283' title='bbox 2022 2698 2129 2727; x_wconf 89' lang='lat' dir='ltr'>cum</span> 
     </span>
     <span class='ocr_line' id='line_1_36' title="bbox 258 2745 2128 2802; baseline -0.004 -11"><span class='ocrx_word' id='word_1_284' title='bbox 258 2749 567 2802; x_wconf 85' lang='lat' dir='ltr'>expositione.</span> <span class='ocrx_word' id='word_1_285' title='bbox 599 2753 738 2800; x_wconf 89' lang='lat' dir='ltr'>(Incip.</span> <span class='ocrx_word' id='word_1_286' title='bbox 756 2763 891 2800; x_wconf 86' lang='lat' dir='ltr'>expos.</span> <span class='ocrx_word' id='word_1_287' title='bbox 906 2750 934 2802; x_wconf 75' lang='grc' dir='ltr'>ι)</span> <span class='ocrx_word' id='word_1_288' title='bbox 972 2747 1120 2788; x_wconf 71' lang='lat' dir='ltr'>»Nota</span> <span class='ocrx_word' id='word_1_289' title='bbox 1153 2747 1199 2787; x_wconf 86' lang='lat' dir='ltr'>In</span> <span class='ocrx_word' id='word_1_290' title='bbox 1232 2749 1465 2799; x_wconf 86' lang='lat' dir='ltr'>principio«</span> <span class='ocrx_word' id='word_1_291' title='bbox 1501 2749 1642 2795; x_wconf 91' lang='lat' dir='ltr'>(Incip.</span> <span class='ocrx_word' id='word_1_292' title='bbox 1675 2749 1853 2794; x_wconf 86' lang='lat' dir='ltr'>versus:)</span> <span class='ocrx_word' id='word_1_293' title='bbox 1890 2745 2023 2785; x_wconf 87' lang='lat' dir='ltr'>»Tres</span> <span class='ocrx_word' id='word_1_294' title='bbox 2062 2746 2128 2785; x_wconf 89' lang='lat' dir='ltr'>leo</span> 
     </span>
     <span class='ocr_line' id='line_1_37' title="bbox 258 2804 2129 2858; baseline -0.003 -9"><span class='ocrx_word' id='word_1_295' title='bbox 258 2812 437 2850; x_wconf 87' lang='lat' dir='ltr'>naturas</span> <span class='ocrx_word' id='word_1_296' title='bbox 468 2812 511 2848; x_wconf 87' lang='lat' dir='ltr'>et</span> <span class='ocrx_word' id='word_1_297' title='bbox 540 2812 627 2848; x_wconf 90' lang='lat' dir='ltr'>tres</span> <span class='ocrx_word' id='word_1_298' title='bbox 659 2810 790 2849; x_wconf 88' lang='lat' dir='ltr'>habet</span> <span class='ocrx_word' id='word_1_299' title='bbox 820 2808 919 2848; x_wconf 91' lang='lat' dir='ltr'>inde</span> <span class='ocrx_word' id='word_1_300' title='bbox 952 2807 1140 2858; x_wconf 84' lang='lat' dir='ltr'>figuras«</span> <span class='ocrx_word' id='word_1_301' title='bbox 1179 2807 1221 2843; x_wconf 89' lang='lat'>&gt;&lt;</span> <span class='ocrx_word' id='word_1_302' title='bbox 1258 2804 1364 2846; x_wconf 79' lang='lat' dir='ltr'>»Cui</span> <span class='ocrx_word' id='word_1_303' title='bbox 1397 2808 1433 2844; x_wconf 91' lang='lat' dir='ltr'>si</span> <span class='ocrx_word' id='word_1_304' title='bbox 1464 2816 1554 2845; x_wconf 90' lang='lat' dir='ltr'>non</span> <span class='ocrx_word' id='word_1_305' title='bbox 1586 2805 1654 2844; x_wconf 88' lang='lat' dir='ltr'>alii</span> <span class='ocrx_word' id='word_1_306' title='bbox 1687 2805 1859 2855; x_wconf 88' lang='lat' dir='ltr'>placent</span> <span class='ocrx_word' id='word_1_307' title='bbox 1881 2809 2017 2844; x_wconf 85' lang='lat' dir='ltr'>metra</span> <span class='ocrx_word' id='word_1_308' title='bbox 2039 2805 2129 2843; x_wconf 86' lang='lat' dir='ltr'>the-</span> 
     </span>
     <span class='ocr_line' id='line_1_38' title="bbox 259 2866 548 2918; baseline 0 -12"><span class='ocrx_word' id='word_1_309' title='bbox 259 2867 374 2907; x_wconf 87' lang='lat' dir='ltr'>baldi</span> <span class='ocrx_word' id='word_1_310' title='bbox 406 2866 548 2918; x_wconf 83' lang='lat' dir='ltr'>(sic)‹.</span> 
     </span>
    </p>

    <p class='ocr_par' dir='ltr' id='par_1_15' title="bbox 256 2931 2131 3219">
     <span class='ocr_line' id='line_1_39' title="bbox 403 2931 2131 2988; baseline -0.002 -14"><span class='ocrx_word' id='word_1_311' title='bbox 403 2935 431 2974; x_wconf 82' lang='lat' dir='ltr'>f.</span> <span class='ocrx_word' id='word_1_312' title='bbox 462 2933 706 2976; x_wconf 67' lang='lat' dir='ltr'>842-160b</span> <span class='ocrx_word' id='word_1_313' title='bbox 738 2934 1004 2988; x_wconf 90' lang='lat' dir='ltr'>Raymundi</span> <span class='ocrx_word' id='word_1_314' title='bbox 1035 2935 1090 2974; x_wconf 93' lang='lat' dir='ltr'>de</span> <span class='ocrx_word' id='word_1_315' title='bbox 1123 2931 1405 2974; x_wconf 85' lang='lat' dir='ltr'>Pennaforte</span> <span class='ocrx_word' id='word_1_316' title='bbox 1438 2932 1534 2973; x_wconf 88' lang='lat' dir='ltr'>ord.</span> <span class='ocrx_word' id='word_1_317' title='bbox 1565 2932 1715 2981; x_wconf 87' lang='lat' dir='ltr'>praed.</span> <span class='ocrx_word' id='word_1_318' title='bbox 1749 2931 1942 2972; x_wconf 88' lang='lat' dir='ltr'>Summa</span> <span class='ocrx_word' id='word_1_319' title='bbox 1972 2942 2031 2972; x_wconf 88' lang='lat' dir='ltr'>ex</span> <span class='ocrx_word' id='word_1_320' title='bbox 2062 2931 2131 2972; x_wconf 91' lang='lat' dir='ltr'>di-</span> 
     </span>
     <span class='ocr_line' id='line_1_40' title="bbox 256 2989 2129 3042; baseline -0.003 -8"><span class='ocrx_word' id='word_1_321' title='bbox 256 2993 412 3034; x_wconf 88' lang='lat' dir='ltr'>versis</span> <span class='ocrx_word' id='word_1_322' title='bbox 455 2992 585 3034; x_wconf 90' lang='lat' dir='ltr'>libris</span> <span class='ocrx_word' id='word_1_323' title='bbox 628 2993 743 3034; x_wconf 88' lang='lat' dir='ltr'>iuris</span> <span class='ocrx_word' id='word_1_324' title='bbox 786 2992 999 3035; x_wconf 89' lang='lat' dir='ltr'>canonici</span> <span class='ocrx_word' id='word_1_325' title='bbox 1041 2996 1086 3032; x_wconf 91' lang='lat' dir='ltr'>et</span> <span class='ocrx_word' id='word_1_326' title='bbox 1133 2990 1386 3031; x_wconf 86' lang='lat' dir='ltr'>sententiis</span> <span class='ocrx_word' id='word_1_327' title='bbox 1434 2990 1687 3041; x_wconf 87' lang='lat' dir='ltr'>compilata</span> <span class='ocrx_word' id='word_1_328' title='bbox 1733 2993 1779 3029; x_wconf 93' lang='lat' dir='ltr'>et</span> <span class='ocrx_word' id='word_1_329' title='bbox 1827 2989 1903 3042; x_wconf 86' lang='lat' dir='ltr'>(ab</span> <span class='ocrx_word' id='word_1_330' title='bbox 1948 2989 2129 3030; x_wconf 89' lang='lat' dir='ltr'>Adamo</span> 
     </span>
     <span class='ocr_line' id='line_1_41' title="bbox 259 3047 2129 3104; baseline -0.004 -11"><span class='ocrx_word' id='word_1_331' title='bbox 259 3051 478 3104; x_wconf 86' lang='lat' dir='ltr'>quodam)</span> <span class='ocrx_word' id='word_1_332' title='bbox 506 3050 775 3092; x_wconf 87' lang='lat' dir='ltr'>versificata</span> <span class='ocrx_word' id='word_1_333' title='bbox 804 3063 911 3093; x_wconf 87' lang='lat' dir='ltr'>cum</span> <span class='ocrx_word' id='word_1_334' title='bbox 943 3048 1294 3092; x_wconf 88' lang='lat' dir='ltr'>commentario.</span> <span class='ocrx_word' id='word_1_335' title='bbox 1328 3050 1468 3100; x_wconf 90' lang='lat' dir='ltr'>(Incip.</span> <span class='ocrx_word' id='word_1_336' title='bbox 1493 3051 1719 3092; x_wconf 86' lang='lat' dir='ltr'>comment.)</span> <span class='ocrx_word' id='word_1_337' title='bbox 1760 3047 1929 3088; x_wconf 83' lang='lat' dir='ltr'>»Cecus</span> <span class='ocrx_word' id='word_1_338' title='bbox 1952 3052 1994 3087; x_wconf 88' lang='lat' dir='ltr'>et</span> <span class='ocrx_word' id='word_1_339' title='bbox 2015 3050 2129 3087; x_wconf 87' lang='lat' dir='ltr'>clau-</span> 
     </span>
     <span class='ocr_line' id='line_1_42' title="bbox 259 3106 2126 3161; baseline -0.003 -11"><span class='ocrx_word' id='word_1_340' title='bbox 259 3109 382 3150; x_wconf 79' lang='lat' dir='ltr'>dus«</span> <span class='ocrx_word' id='word_1_341' title='bbox 434 3109 647 3161; x_wconf 84' lang='lat' dir='ltr'>(Incipiunt</span> <span class='ocrx_word' id='word_1_342' title='bbox 677 3110 857 3161; x_wconf 78' lang='lat' dir='ltr'>versusz)</span> <span class='ocrx_word' id='word_1_343' title='bbox 925 3109 994 3149; x_wconf 83' lang='lat' dir='ltr'>»In</span> <span class='ocrx_word' id='word_1_344' title='bbox 1042 3110 1229 3148; x_wconf 89' lang='lat' dir='ltr'>summis</span> <span class='ocrx_word' id='word_1_345' title='bbox 1278 3106 1400 3146; x_wconf 87' lang='lat' dir='ltr'>festis</span> <span class='ocrx_word' id='word_1_346' title='bbox 1446 3106 1502 3146; x_wconf 88' lang='lat' dir='ltr'>ad</span> <span class='ocrx_word' id='word_1_347' title='bbox 1535 3109 1717 3146; x_wconf 88' lang='lat' dir='ltr'>missam</span> <span class='ocrx_word' id='word_1_348' title='bbox 1752 3106 1906 3146; x_wconf 87' lang='lat' dir='ltr'>dicitur</span> <span class='ocrx_word' id='word_1_349' title='bbox 1936 3117 2044 3145; x_wconf 84' lang='lat' dir='ltr'>una«</span> <span class='ocrx_word' id='word_1_350' title='bbox 2087 3119 2126 3153; x_wconf 70' lang='lat'>&gt;&lt;</span> 
     </span>
     <span class='ocr_line' id='line_1_43' title="bbox 264 3164 1647 3219; baseline -0.003 -12"><span class='ocrx_word' id='word_1_351' title='bbox 264 3178 421 3219; x_wconf 78' lang='lat' dir='ltr'>»quam</span> <span class='ocrx_word' id='word_1_352' title='bbox 454 3178 554 3207; x_wconf 91' lang='lat' dir='ltr'>cum</span> <span class='ocrx_word' id='word_1_353' title='bbox 585 3167 680 3206; x_wconf 82' lang='lat' dir='ltr'>alia.</span> <span class='ocrx_word' id='word_1_354' title='bbox 715 3167 768 3207; x_wconf 92' lang='lat' dir='ltr'>Et</span> <span class='ocrx_word' id='word_1_355' title='bbox 800 3170 843 3207; x_wconf 92' lang='lat' dir='ltr'>in</span> <span class='ocrx_word' id='word_1_356' title='bbox 875 3168 959 3207; x_wconf 91' lang='lat' dir='ltr'>hoc</span> <span class='ocrx_word' id='word_1_357' title='bbox 992 3169 1247 3206; x_wconf 87' lang='lat' dir='ltr'>terminatur</span> <span class='ocrx_word' id='word_1_358' title='bbox 1277 3167 1470 3216; x_wconf 88' lang='lat' dir='ltr'>optimus</span> <span class='ocrx_word' id='word_1_359' title='bbox 1502 3164 1647 3204; x_wconf 71' lang='lat' dir='ltr'>liber«</span> 
     </span>
    </p>
   </div>
   <div class='ocr_carea' id='block_1_15' title="bbox 406 3232 1843 3284">
    <p class='ocr_par' dir='ltr' id='par_1_16' title="bbox 406 3232 1843 3284">
     <span class='ocr_line' id='line_1_44' title="bbox 406 3232 1843 3284; baseline -0.003 -8"><span class='ocrx_word' id='word_1_360' title='bbox 406 3236 432 3276; x_wconf 83' lang='lat' dir='ltr'>s.</span> <span class='ocrx_word' id='word_1_361' title='bbox 472 3232 741 3276; x_wconf 63' lang='lat'>1612—16712</span> <span class='ocrx_word' id='word_1_362' title='bbox 773 3235 910 3276; x_wconf 84' lang='lat' dir='ltr'>Notae</span> <span class='ocrx_word' id='word_1_363' title='bbox 945 3238 1089 3275; x_wconf 85' lang='lat' dir='ltr'>variae</span> <span class='ocrx_word' id='word_1_364' title='bbox 1122 3235 1395 3284; x_wconf 83' lang='lat' dir='ltr'>theologicae</span> <span class='ocrx_word' id='word_1_365' title='bbox 1428 3237 1470 3273; x_wconf 92' lang='lat' dir='ltr'>et</span> <span class='ocrx_word' id='word_1_366' title='bbox 1501 3236 1843 3284; x_wconf 87' lang='lat' dir='ltr'>computisticae.</span> 
     </span>
    </p>
   </div>
   <div class='ocr_carea' id='block_1_16' title="bbox 1165 3383 1232 3414">
    <p class='ocr_par' dir='ltr' id='par_1_17' title="bbox 1165 3383 1232 3414">
     <span class='ocr_line' id='line_1_45' title="bbox 1165 3383 1232 3414; baseline 0.015 -1"><span class='ocrx_word' id='word_1_367' title='bbox 1165 3383 1232 3414; x_wconf 80' lang='lat'>215</span> 
     </span>
    </p>
   </div>
  </div>
 </body>
</html>
