2476 3782
1274 302 1354 343 180

384 443 452 479 »et
492 450 591 479 cum
633 442 716 479 isto
757 439 944 479 alumine
985 442 1144 491 optime
1177 445 1381 481 curantur
1422 442 1566 481 ulcera
1598 444 1699 490 oriS,
1733 444 1780 480 ut
1812 441 1975 480 dictum
2009 443 2077 479 est
2107 442 2150 480 in
2183 451 2252 480 se-

381 497 526 537 cunda
566 497 772 548 particula
818 496 1072 549 (rubricator
1102 498 1221 538 addit
1239 498 1267 550 t)
1308 499 1376 538 vel
1409 502 1546 538 eciam
1580 510 1731 538 semen
1764 500 1833 538 lini
1868 510 1969 538 cum
2003 498 2126 537 melle
2159 509 2250 538 ma-

380 557 493 594 turat
522 558 833 606 apostemata«

525 623 552 663 f.
590 621 689 663 169³>
732 623 808 664 Sv.
849 618 1062 665 Matouse
1104 625 1343 677 evangelia
1382 625 1486 677 kap.
1517 624 1676 675 XXVI,
1711 624 1850 664 1—36
1883 621 2027 676 cesky
2056 620 2253 675 preklad.

380 678 533 732 psan3'7
562 681 639 722 ok.
674 680 783 722 1400
814 682 914 729 (bez
946 680 1219 732 zakonceni).

526 752 726 799 Operculis
757 753 929 799 adligata
960 759 1051 790 sunt
1068 755 1146 791 duo
1169 755 1233 791 fol.
1267 756 1425 792 membr.
1459 755 1608 791 codicis
1642 756 1847 791 cuiusdam
1879 764 1983 790 saec.
2006 752 2246 789 XIII—XIV

382 821 531 856 argum.
562 810 837 858 philosophici.
874 810 918 846 In
949 811 1071 848 fronte
1102 823 1229 859 super.
1263 817 1419 849 notatur
1448 823 1657 859 possessor
1687 824 1806 849 manu
1839 823 1941 848 saec.
1977 811 2073 847 XV:
2112 810 2250 847 »Liber

380 867 537 903 Martini
569 869 615 903 de
647 867 835 904 Trziebon
867 869 1046 906 medici«
1081 870 1124 906 In
1147 870 1210 907 fol.
1235 875 1417 917 sequente
1450 881 1527 906 non
1547 881 1693 908 numer.
1719 872 1884 906 occurrit
1901 870 2018 905 index
2042 870 2248 905 cuiusdam

381 926 468 961 libri
499 926 740 962 medicinalis
773 938 796 962 a
827 930 992 962 tractatu
1025 928 1159 964 codice
1192 932 1376 964 contento
1409 930 1569 964 omnino
1602 928 1757 964 diversi.
1790 928 1833 963 In
1866 930 2002 963 eodem
2034 927 2099 963 fol.
2133 937 2246 963 verso

382 983 668 1029 adglutinatum
699 988 761 1020 est
791 984 943 1030 insigne
975 985 1068 1021 bibl.
1109 986 1420 1032 Rosenbergicae
1463 997 1497 1023 a.
1536 986 1655 1031 1609,
1690 997 1737 1021 ex
1771 997 1848 1031 qua
1890 988 2014 1021 codex
2046 989 2178 1021 noster
2209 985 2249 1020 in

382 1041 661 1077 monasterium
692 1041 939 1078 Tiebonense
973 1043 1142 1081 devenit.

457 1212 459 1215 s
525 1152 617 1206 180
1174 1154 1213 1204 I.
1251 1156 1314 1204 D.
1351 1155 1432 1204 40.

381 1246 526 1287 chart.
555 1258 672 1287 saec.
703 1246 869 1288 XVIII
893 1247 951 1286 in.
983 1248 1046 1301 ff
1079 1248 1135 1288 49
1156 1261 1292 1295 num„
1323 1250 1376 1289 31
1401 1249 1444 1286 ><
1462 1249 1515 1289 21
1539 1261 1622 1290 cm.
1646 1252 1694 1288 ut
1724 1249 1899 1289 videtur
1920 1247 2249 1301 autographus..

523 1327 859 1368 Monasterium
889 1328 934 1370 S.
964 1329 1158 1380 Agnetis
1190 1341 1428 1370 sacrarum
1458 1330 1693 1382 virginum
1725 1330 2037 1370 Clarissarum
2073 1327 2253 1369 ordinis

381 1387 426 1427 S.
470 1385 704 1427 Francisci
747 1386 1114 1438 Vetero-Pragae
1155 1388 1430 1428 describitur
1470 1399 1498 1428 a
1536 1388 1718 1428 Joanne
1757 1387 1971 1428 Floriano
2011 1387 2250 1427 Hammer-

381 1443 561 1485 schmid
594 1476 602 1484 .
637 1474 646 1484 .
679 1474 688 1483 .
720 1447 763 1484 in
804 1443 930 1496 Teyn
973 1449 1172 1496 primario
1204 1450 1367 1486 curato.
1411 1445 1634 1495 (Continet
1662 1449 1796 1486 vitam
1828 1446 2080 1486 fundatricis
2114 1448 2156 1485 et
2184 1444 2247 1484 hi-

382 1505 559 1542 storiam
605 1513 694 1542 non
745 1502 887 1541 solum
929 1507 1179 1543 monasterii
1222 1504 1399 1555 praefati
1443 1505 1522 1543 sed
1555 1507 1682 1543 etiam
1730 1507 1774 1552 (a
1805 1504 1832 1543 f.
1865 1504 1940 1552 38)
1971 1502 2251 1555 Tynecensis-

382 1560 579 1600 eiusdem
612 1558 806 1611 ordinis)

526 1673 600 1727 181
1176 1675 1216 1724 I.
1253 1676 1318 1724 D.
1355 1675 1437 1725 41.

383 1769 526 1809 chart.
556 1779 669 1809 saec.
701 1767 867 1807 XVIII
884 1767 935 1821 ff.
967 1767 1053 1808 300
1083 1779 1222 1818 num„
1253 1769 1441 1809 32><21
1481 1780 1561 1809 cm.
1594 1771 1618 1809 I
1651 1780 1712 1808 m.

521 1849 780 1890 Curiositas
811 1848 1102 1900 privilegiata
1140 1848 1189 1889 in
1229 1848 1414 1889 Dudum
1455 1861 1540 1900 pro
1570 1849 1731 1898 Hodie,
1767 1859 1852 1888 seu
1881 1848 2253 1889 Dissertationes

383 1910 430 1948 et
460 1907 757 1958 quaestiones
788 1906 845 1946 de
874 1906 1109 1946 universis
1141 1906 1394 1958 privilegiis
1427 1918 1454 1947 a
1484 1907 1528 1950 S.
1558 1906 1612 1948 D.
1646 1906 1886 1947 Clemente
1932 1906 1997 1946 XI
2041 1907 2158 1946 bulla
2187 1909 2248 1946 in-

383 1969 565 2017 cipiente
597 1964 774 2004 Dudum
807 1965 874 2003 die
908 1964 960 2003 27
992 1963 1131 2004 Martii
1162 1977 1199 2005 a.
1238 1965 1406 2006 1715..
1432 1997 1441 2005 .
1462 1964 1707 2006 vicariatui
1737 1964 1967 2013 Boemiae,
1998 1963 2248 2014 Moraviae,

382 2023 632 2073 Utriusque
662 2021 880 2062 Lusatiae
924 2022 1175 2072 concessis,
1217 2026 1259 2063 in
1303 2023 1460 2074 quibus
1485 2055 1493 2063 .
1519 2055 1527 2063 .
1553 2055 1561 2063 .
1595 2022 1899 2074 expenduntur
1928 2023 2146 2074 privilegia
2168 2054 2177 2062 .
2206 2054 2214 2062 .
2240 2052 2249 2061 .

385 2093 420 2121 s.
453 2081 544 2121 ord.
578 2079 878 2121 Cisterciensis
924 2092 975 2120 ac
1021 2081 1229 2120 aliorum.
1255 2112 1297 2120 ..
1332 2081 1546 2130 ordinum,
1595 2083 1719 2120 cuius
1765 2080 1894 2119 hodie
1943 2083 2030 2119 sint
2073 2080 2254 2120 valoris..

385 2139 488 2178 Pars
520 2141 687 2190 prima.
713 2170 721 2178 .
748 2169 756 2178 .
788 2138 982 2178 Authore
1013 2137 1060 2178 F.
1092 2138 1342 2179 Benedicto
1374 2138 1585 2190 Scheppl,
1628 2138 1719 2177 ord.
1764 2137 1942 2178 Cisterc.
1976 2141 2163 2177 monast.
2197 2138 2250 2177 de

385 2196 507 2236 Plass
540 2195 739 2247 professo
772 2199 814 2235 et
844 2198 1080 2247 suppriore.

523 2267 680 2314 (Annus
711 2267 870 2303 ultimus
902 2269 942 2303 in
974 2277 1087 2313 opere
1120 2272 1445 2304 commemoratus
1478 2272 1536 2303 est
1572 2263 1711 2316 1742.)
1745 2266 1836 2303 Sine
1868 2267 1991 2302 dubio
2025 2278 2044 2303 e
2074 2270 2256 2304 monast-

383 2326 598 2361 Plassensi.

528 2438 618 2491 182
1179 2437 1219 2487 I.
1257 2438 1320 2486 D.
1357 2437 1438 2485 42.

387 2532 529 2573 chart.
560 2543 676 2572 saec.
707 2531 759 2572 X
764 2531 800 2570 V
808 2531 871 2585 ff
903 2532 1001 2580 250,
1033 2533 1087 2572 31
1108 2532 1219 2571 ><21
1254 2543 1337 2571 cm.
1370 2532 1393 2570 1
1427 2542 1485 2570 m.

785 2613 975 2654 Missale
1006 2614 1263 2653 seeundum
1291 2611 1522 2652 rubricam
1551 2611 1845 2662 Pragensem.

523 2687 564 2725 F.
602 2687 617 2722 1
655 2691 692 2722 et
718 2686 755 2723 ff.
791 2685 870 2721 232
904 2695 985 2730 seq.
1019 2684 1223 2720 recentiori
1255 2694 1373 2719 manu
1405 2684 1548 2729 scripta
1565 2692 1649 2718 esse
1670 2683 1860 2727 videntur,
1879 2684 1917 2717 in
1951 2682 1988 2718 ff.
2023 2680 2254 2718 234—245-

385 2749 477 2782 sunt
507 2749 622 2781 notae
652 2744 838 2780 musicae.
870 2742 913 2778 In
946 2742 971 2778 f.
1006 2737 1110 2778 250b
1142 2743 1213 2777 hae
1247 2746 1361 2777 notae
1394 2744 1626 2777 occurrunt:
1676 2740 1747 2776 »A.
1792 2741 1829 2775 d.
1870 2739 1973 2775 1425
2016 2739 2112 2776 obiit
2142 2740 2248 2776 dom.

384 2803 518 2839 Welik
549 2802 773 2849 capellanus
806 2802 851 2836 de
882 2800 1040 2846 Ugezd.
1067 2828 1074 2836 .
1100 2829 1108 2836 .
1143 2810 1245 2835 anno
1278 2800 1414 2835 eodem
1447 2798 1542 2834 obiit
1574 2798 1611 2834 d.
1644 2797 1845 2834 Johannes
1877 2797 1989 2833 Floss
2021 2796 2248 2844 capellanus

387 2863 434 2896 de
469 2860 724 2906 Wodnyarl.«

529 2971 621 3024 183
1197 2968 1238 3016 I.
1274 2968 1338 3016 D.
1376 2967 1454 3016 43.

387 3065 527 3105 chart.
558 3065 701 3104 scribi
730 3066 901 3117 coeptus
932 3075 974 3103 a.
1021 3062 1146 3111 1403,
1180 3061 1242 3114 ff
1274 3061 1360 3101 225
1389 3072 1529 3108 num„
1561 3060 1750 3100 28><22
1791 3071 1874 3100 cm.
1907 3060 1948 3099 ci.
1980 3071 2039 3098 m.

526 3146 552 3186 f.
591 3146 631 3184 1⁹
660 3144 796 3185 Notae
829 3145 1044 3196 quaedam
1076 3145 1316 3194 argumenti
1348 3141 1589 3192 theologici,
1639 3152 1750 3192 quae
1796 3143 1897 3179 item
1945 3143 2256 3180 continuantur

387 3207 429 3244 in
462 3204 533 3243 fol.
566 3204 728 3243 codicis
759 3203 922 3242 ultimo.

526 3273 552 3313 f.
592 3270 899 3312 ib—2bSermo
933 3272 986 3310 de
1018 3272 1187 3310 ieiuniO.

1295 3416 1340 3450 68
