<?xml version="1.0" encoding="UTF-8"?>
<!DOCTYPE html PUBLIC "-//W3C//DTD XHTML 1.0 Transitional//EN"
    "http://www.w3.org/TR/xhtml1/DTD/xhtml1-transitional.dtd">
<html xmlns="http://www.w3.org/1999/xhtml" xml:lang="en" lang="en">
 <head>
  <title>
</title>
<meta http-equiv="Content-Type" content="text/html;charset=utf-8" />
  <meta name='ocr-system' content='tesseract 3.04.00' />
  <meta name='ocr-capabilities' content='ocr_page ocr_carea ocr_par ocr_line ocrx_word'/>
</head>
<body>
  <div class='ocr_page' id='page_1' title='image "./cataloguscodicum01praguoft_0300.png"; bbox 0 0 2476 3782; ppageno 0'>
   <div class='ocr_carea' id='block_1_1' title="bbox 1316 300 1393 339">
    <p class='ocr_par' dir='ltr' id='par_1_1' title="bbox 1316 300 1393 339">
     <span class='ocr_line' id='line_1_1' title="bbox 1316 300 1393 339; baseline -0.013 0"><span class='ocrx_word' id='word_1_1' title='bbox 1316 300 1393 339; x_wconf 76' lang='lat'><strong>&lt;591</strong></span> 
     </span>
    </p>
   </div>
   <div class='ocr_carea' id='block_1_2' title="bbox 1150 356 1356 363">
    <p class='ocr_par' dir='ltr' id='par_1_2' title="bbox 1150 356 1356 363">
     <span class='ocr_line' id='line_1_2' title="bbox 1150 356 1356 363; baseline 0 0"><span class='ocrx_word' id='word_1_2' title='bbox 1150 356 1356 363; x_wconf 95' lang='lat' dir='ltr'><strong> </strong></span> 
     </span>
    </p>
   </div>
   <div class='ocr_carea' id='block_1_3' title="bbox 1358 356 1563 362">
    <p class='ocr_par' dir='ltr' id='par_1_3' title="bbox 1358 356 1563 362">
     <span class='ocr_line' id='line_1_3' title="bbox 1358 356 1563 362; baseline 0 0"><span class='ocrx_word' id='word_1_3' title='bbox 1358 356 1563 362; x_wconf 95' lang='lat' dir='ltr'><strong> </strong></span> 
     </span>
    </p>
   </div>
   <div class='ocr_carea' id='block_1_4' title="bbox 424 436 2291 777">
    <p class='ocr_par' dir='ltr' id='par_1_4' title="bbox 424 436 2291 777">
     <span class='ocr_line' id='line_1_4' title="bbox 568 436 2289 492; baseline 0.002 -16"><span class='ocrx_word' id='word_1_4' title='bbox 568 437 594 478; x_wconf 87' lang='lat' dir='ltr'><strong>f.</strong></span> <span class='ocrx_word' id='word_1_5' title='bbox 627 436 844 476; x_wconf 67' lang='lat' dir='ltr'><strong>3511—--58a</strong></span> <span class='ocrx_word' id='word_1_6' title='bbox 876 447 992 477; x_wconf 77' lang='lat' dir='ltr'><strong>saec.</strong></span> <span class='ocrx_word' id='word_1_7' title='bbox 1023 436 1113 477; x_wconf 89' lang='lat' dir='ltr'>XIII</span> <span class='ocrx_word' id='word_1_8' title='bbox 1145 448 1212 477; x_wconf 86' lang='lat' dir='ltr'><strong>ex.</strong></span> <span class='ocrx_word' id='word_1_9' title='bbox 1247 436 1590 477; x_wconf 87' lang='lat' dir='ltr'><strong>Candelabrum</strong></span> <span class='ocrx_word' id='word_1_10' title='bbox 1626 437 1700 488; x_wconf 75' lang='lat' dir='ltr'><strong>(z</strong></span> <span class='ocrx_word' id='word_1_11' title='bbox 1733 436 1924 477; x_wconf 89' lang='lat' dir='ltr'><strong>Summa</strong></span> <span class='ocrx_word' id='word_1_12' title='bbox 1954 436 2289 492; x_wconf 86' lang='lat' dir='ltr'><strong>dictaminum).</strong></span> 
     </span>
     <span class='ocr_line' id='line_1_5' title="bbox 429 493 2288 546; baseline 0.005 -16"><span class='ocrx_word' id='word_1_13' title='bbox 429 494 640 535; x_wconf 80' lang='lat' dir='ltr'><strong>»Presens</strong></span> <span class='ocrx_word' id='word_1_14' title='bbox 682 505 794 546; x_wconf 89' lang='lat' dir='ltr'><strong>opus</strong></span> <span class='ocrx_word' id='word_1_15' title='bbox 846 493 1154 533; x_wconf 87' lang='lat' dir='ltr'><strong>candelabrum</strong></span> <span class='ocrx_word' id='word_1_16' title='bbox 1208 498 1477 534; x_wconf 81' lang='lat' dir='ltr'><strong>nominatur«</strong></span> <span class='ocrx_word' id='word_1_17' title='bbox 1518 497 1555 531; x_wconf 91' lang='lat'><strong>&gt;&lt;</strong></span> <span class='ocrx_word' id='word_1_18' title='bbox 1592 495 1733 534; x_wconf 81' lang='lat' dir='ltr'><strong>»aliud</strong></span> <span class='ocrx_word' id='word_1_19' title='bbox 1776 505 1888 545; x_wconf 90' lang='lat' dir='ltr'><strong>opus</strong></span> <span class='ocrx_word' id='word_1_20' title='bbox 1930 496 1972 533; x_wconf 89' lang='lat' dir='ltr'><strong>in</strong></span> <span class='ocrx_word' id='word_1_21' title='bbox 2005 499 2202 546; x_wconf 87' lang='lat' dir='ltr'><strong>proximo</strong></span> <span class='ocrx_word' id='word_1_22' title='bbox 2234 499 2288 539; x_wconf 91' lang='lat' dir='ltr'><strong>de</strong></span> 
     </span>
     <span class='ocr_line' id='line_1_6' title="bbox 425 551 2291 607; baseline 0.003 -15"><span class='ocrx_word' id='word_1_23' title='bbox 425 556 553 592; x_wconf 89' lang='lat' dir='ltr'><strong>cartis</strong></span> <span class='ocrx_word' id='word_1_24' title='bbox 587 556 628 592; x_wconf 92' lang='lat' dir='ltr'><strong>et</strong></span> <span class='ocrx_word' id='word_1_25' title='bbox 657 553 884 603; x_wconf 88' lang='lat' dir='ltr'><strong>privilegiis</strong></span> <span class='ocrx_word' id='word_1_26' title='bbox 916 555 963 590; x_wconf 89' lang='lat' dir='ltr'><strong>ut</strong></span> <span class='ocrx_word' id='word_1_27' title='bbox 993 554 1084 591; x_wconf 89' lang='lat' dir='ltr'><strong>iura</strong></span> <span class='ocrx_word' id='word_1_28' title='bbox 1114 552 1265 592; x_wconf 88' lang='lat' dir='ltr'><strong>volunt</strong></span> <span class='ocrx_word' id='word_1_29' title='bbox 1295 552 1711 592; x_wconf 85' lang='lat' dir='ltr'><strong>excellentissimum</strong></span> <span class='ocrx_word' id='word_1_30' title='bbox 1743 551 1996 591; x_wconf 76' lang='lat' dir='ltr'><strong>faciemus«</strong></span> <span class='ocrx_word' id='word_1_31' title='bbox 2041 552 2291 607; x_wconf 83' lang='lat' dir='ltr'>Sequuntur</span> 
     </span>
     <span class='ocr_line' id='line_1_7' title="bbox 424 609 2286 662; baseline 0.003 -12"><span class='ocrx_word' id='word_1_32' title='bbox 424 621 579 650; x_wconf 88' lang='lat' dir='ltr'><strong>versus</strong></span> <span class='ocrx_word' id='word_1_33' title='bbox 597 613 746 661; x_wconf 79' lang='lat' dir='ltr'><strong>incip:</strong></span> <span class='ocrx_word' id='word_1_34' title='bbox 785 609 1004 648; x_wconf 80' lang='lat' dir='ltr'><strong>»Devotos</strong></span> <span class='ocrx_word' id='word_1_35' title='bbox 1034 621 1135 649; x_wconf 89' lang='lat' dir='ltr'><strong>vere</strong></span> <span class='ocrx_word' id='word_1_36' title='bbox 1169 613 1208 649; x_wconf 92' lang='lat' dir='ltr'><strong>te</strong></span> <span class='ocrx_word' id='word_1_37' title='bbox 1241 621 1392 662; x_wconf 91' lang='lat' dir='ltr'><strong>queso,</strong></span> <span class='ocrx_word' id='word_1_38' title='bbox 1426 611 1574 658; x_wconf 86' lang='lat' dir='ltr'>libelle,</span> <span class='ocrx_word' id='word_1_39' title='bbox 1598 611 1795 650; x_wconf 87' lang='lat' dir='ltr'><strong>docere«.</strong></span> <span class='ocrx_word' id='word_1_40' title='bbox 1829 610 1991 651; x_wconf 85' lang='lat' dir='ltr'>Ibidem</span> <span class='ocrx_word' id='word_1_41' title='bbox 2017 622 2151 653; x_wconf 87' lang='lat' dir='ltr'><strong>manu</strong></span> <span class='ocrx_word' id='word_1_42' title='bbox 2172 625 2286 656; x_wconf 88' lang='lat' dir='ltr'><strong>saec.</strong></span> 
     </span>
     <span class='ocr_line' id='line_1_8' title="bbox 424 665 2287 714; baseline 0.003 -7"><span class='ocrx_word' id='word_1_43' title='bbox 424 667 503 707; x_wconf 88' lang='lat' dir='ltr'><strong>XV</strong></span> <span class='ocrx_word' id='word_1_44' title='bbox 533 668 812 707; x_wconf 85' lang='lat' dir='ltr'><strong>adnotatum:</strong></span> <span class='ocrx_word' id='word_1_45' title='bbox 859 665 1034 706; x_wconf 84' lang='lat' dir='ltr'><strong>»Talem</strong></span> <span class='ocrx_word' id='word_1_46' title='bbox 1077 667 1230 707; x_wconf 88' lang='lat' dir='ltr'><strong>librum</strong></span> <span class='ocrx_word' id='word_1_47' title='bbox 1271 668 1402 708; x_wconf 89' lang='lat' dir='ltr'><strong>habet</strong></span> <span class='ocrx_word' id='word_1_48' title='bbox 1447 667 1646 707; x_wconf 84' lang='lat' dir='ltr'><strong>Thomas</strong></span> <span class='ocrx_word' id='word_1_49' title='bbox 1673 700 1682 708; x_wconf 90' lang='lat'><strong>.</strong></span> <span class='ocrx_word' id='word_1_50' title='bbox 1709 699 1717 707; x_wconf 94' lang='lat'><strong>.</strong></span> <span class='ocrx_word' id='word_1_51' title='bbox 1746 700 1754 708; x_wconf 97' lang='lat'><strong>.</strong></span> <span class='ocrx_word' id='word_1_52' title='bbox 1782 667 1886 708; x_wconf 84' lang='lat' dir='ltr'><strong>Item</strong></span> <span class='ocrx_word' id='word_1_53' title='bbox 1919 669 2050 709; x_wconf 89' lang='lat' dir='ltr'><strong>habet</strong></span> <span class='ocrx_word' id='word_1_54' title='bbox 2080 670 2287 714; x_wconf 88' lang='lat' dir='ltr'><strong>lecturam</strong></span> 
     </span>
     <span class='ocr_line' id='line_1_9' title="bbox 424 723 1799 777; baseline 0.001 -12"><span class='ocrx_word' id='word_1_55' title='bbox 424 737 565 765; x_wconf 86' lang='lat' dir='ltr'><strong>meam</strong></span> <span class='ocrx_word' id='word_1_56' title='bbox 600 737 731 777; x_wconf 89' lang='lat' dir='ltr'><strong>super</strong></span> <span class='ocrx_word' id='word_1_57' title='bbox 761 725 973 764; x_wconf 87' lang='lat' dir='ltr'><strong>rethorica</strong></span> <span class='ocrx_word' id='word_1_58' title='bbox 1002 723 1127 764; x_wconf 92' lang='lat' dir='ltr'><strong>Tullii</strong></span> <span class='ocrx_word' id='word_1_59' title='bbox 1166 725 1272 764; x_wconf 86' lang='lat'>1435</span> <span class='ocrx_word' id='word_1_60' title='bbox 1304 725 1367 764; x_wconf 86' lang='lat' dir='ltr'><strong>fer</strong></span> <span class='ocrx_word' id='word_1_61' title='bbox 1402 726 1434 766; x_wconf 92' lang='lat' dir='ltr'><strong>II</strong></span> <span class='ocrx_word' id='word_1_62' title='bbox 1455 729 1554 765; x_wconf 86' lang='lat' dir='ltr'><strong>ante</strong></span> <span class='ocrx_word' id='word_1_63' title='bbox 1587 726 1799 766; x_wconf 55' lang='lat' dir='ltr'><strong>Aridi-ees</strong></span> 
     </span>
    </p>
   </div>
   <div class='ocr_carea' id='block_1_5' title="bbox 566 795 984 842">
    <p class='ocr_par' dir='ltr' id='par_1_5' title="bbox 566 795 984 842">
     <span class='ocr_line' id='line_1_10' title="bbox 566 795 984 842; baseline 0.002 -10"><span class='ocrx_word' id='word_1_64' title='bbox 566 796 691 832; x_wconf 91' lang='lat' dir='ltr'><strong>Vetus</strong></span> <span class='ocrx_word' id='word_1_65' title='bbox 724 799 822 842; x_wconf 87' lang='lat' dir='ltr'><strong>sign.</strong></span> <span class='ocrx_word' id='word_1_66' title='bbox 863 795 911 839; x_wconf 90' lang='lat' dir='ltr'><strong>V,</strong></span> <span class='ocrx_word' id='word_1_67' title='bbox 946 796 984 833; x_wconf 89' lang='lat'><strong>3.</strong></span> 
     </span>
    </p>
   </div>
   <div class='ocr_carea' id='block_1_6' title="bbox 561 908 1683 962">
    <p class='ocr_par' dir='ltr' id='par_1_6' title="bbox 561 908 1683 962">
     <span class='ocr_line' id='line_1_11' title="bbox 561 908 1683 962; baseline -0.001 0"><span class='ocrx_word' id='word_1_68' title='bbox 561 909 649 962; x_wconf 84' lang='grc'><strong>691</strong></span> <span class='ocrx_word' id='word_1_69' title='bbox 1004 908 1098 958; x_wconf 90' lang='lat' dir='ltr'><strong>IV.</strong></span> <span class='ocrx_word' id='word_1_70' title='bbox 1136 909 1193 958; x_wconf 91' lang='lat' dir='ltr'><strong>E.</strong></span> <span class='ocrx_word' id='word_1_71' title='bbox 1235 908 1683 961; x_wconf 80' lang='lat' dir='ltr'><strong>II.&lt;Y.1.1.n.12⁵.)</strong></span> 
     </span>
    </p>
   </div>
   <div class='ocr_carea' id='block_1_7' title="bbox 421 1001 1863 1055">
    <p class='ocr_par' dir='ltr' id='par_1_7' title="bbox 421 1001 1863 1055">
     <span class='ocr_line' id='line_1_12' title="bbox 421 1001 1863 1055; baseline 0.002 -14"><span class='ocrx_word' id='word_1_72' title='bbox 421 1003 674 1043; x_wconf 80' lang='lat' dir='ltr'><strong>membran.</strong></span> <span class='ocrx_word' id='word_1_73' title='bbox 704 1015 821 1044; x_wconf 82' lang='lat' dir='ltr'><strong>saec.</strong></span> <span class='ocrx_word' id='word_1_74' title='bbox 863 1002 1151 1044; x_wconf 84' lang='lat' dir='ltr'><strong>XIII—XIV</strong></span> <span class='ocrx_word' id='word_1_75' title='bbox 1165 1002 1226 1055; x_wconf 86' lang='lat' dir='ltr'><em>ff</em></span> <span class='ocrx_word' id='word_1_76' title='bbox 1258 1001 1329 1051; x_wconf 80' lang='lat'><strong>34,</strong></span> <span class='ocrx_word' id='word_1_77' title='bbox 1358 1002 1411 1042; x_wconf 88' lang='grc'><strong>21</strong></span> <span class='ocrx_word' id='word_1_78' title='bbox 1435 1004 1483 1052; x_wconf 88' lang='grc'><strong>&gt;&lt;</strong></span> <span class='ocrx_word' id='word_1_79' title='bbox 1501 1002 1605 1043; x_wconf 69' lang='lat'><strong>155</strong></span> <span class='ocrx_word' id='word_1_80' title='bbox 1631 1015 1714 1043; x_wconf 87' lang='lat' dir='ltr'><strong>cm.</strong></span> <span class='ocrx_word' id='word_1_81' title='bbox 1745 1003 1769 1042; x_wconf 87' lang='lat'><strong><em>1</em></strong></span> <span class='ocrx_word' id='word_1_82' title='bbox 1805 1016 1863 1044; x_wconf 88' lang='lat' dir='ltr'><strong>m.</strong></span> 
     </span>
    </p>
   </div>
   <div class='ocr_carea' id='block_1_8' title="bbox 558 1082 2143 1140">
    <p class='ocr_par' dir='ltr' id='par_1_8' title="bbox 558 1082 2143 1140">
     <span class='ocr_line' id='line_1_13' title="bbox 558 1082 2143 1140; baseline 0.003 -16"><span class='ocrx_word' id='word_1_83' title='bbox 558 1084 830 1136; x_wconf 91' lang='lat' dir='ltr'><strong>(Abraham)</strong></span> <span class='ocrx_word' id='word_1_84' title='bbox 860 1083 1124 1124; x_wconf 87' lang='lat' dir='ltr'><strong>Arzachelis</strong></span> <span class='ocrx_word' id='word_1_85' title='bbox 1147 1082 1364 1123; x_wconf 91' lang='lat' dir='ltr'><strong>Canones</strong></span> <span class='ocrx_word' id='word_1_86' title='bbox 1384 1082 1646 1123; x_wconf 87' lang='lat' dir='ltr'><strong>tabularum</strong></span> <span class='ocrx_word' id='word_1_87' title='bbox 1668 1083 2143 1140; x_wconf 85' lang='lat' dir='ltr'><strong>(astronomicarum).</strong></span> 
     </span>
    </p>
   </div>
   <div class='ocr_carea' id='block_1_9' title="bbox 419 1152 2284 1378">
    <p class='ocr_par' dir='ltr' id='par_1_9' title="bbox 419 1152 2284 1378">
     <span class='ocr_line' id='line_1_14' title="bbox 563 1152 2283 1210; baseline 0.005 -18"><span class='ocrx_word' id='word_1_88' title='bbox 563 1152 591 1192; x_wconf 88' lang='lat' dir='ltr'><strong>f.</strong></span> <span class='ocrx_word' id='word_1_89' title='bbox 629 1154 674 1193; x_wconf 74' lang='lat' dir='ltr'><strong>1a</strong></span> <span class='ocrx_word' id='word_1_90' title='bbox 709 1153 943 1205; x_wconf 84' lang='lat' dir='ltr'><strong>»Incipiunt</strong></span> <span class='ocrx_word' id='word_1_91' title='bbox 968 1184 977 1194; x_wconf 93' lang='lat'><strong>.</strong></span> <span class='ocrx_word' id='word_1_92' title='bbox 1005 1185 1011 1192; x_wconf 90' lang='lat'><strong>.</strong></span> <span class='ocrx_word' id='word_1_93' title='bbox 1040 1184 1049 1192; x_wconf 93' lang='lat'><strong>.</strong></span> <span class='ocrx_word' id='word_1_94' title='bbox 1076 1153 1254 1206; x_wconf 88' lang='lat' dir='ltr'><strong>(lacuna)</strong></span> <span class='ocrx_word' id='word_1_95' title='bbox 1285 1152 1510 1192; x_wconf 80' lang='lat' dir='ltr'><strong>Arzachel.</strong></span> <span class='ocrx_word' id='word_1_96' title='bbox 1543 1152 1588 1192; x_wconf 90' lang='lat' dir='ltr'><strong>In</strong></span> <span class='ocrx_word' id='word_1_97' title='bbox 1606 1157 1780 1194; x_wconf 88' lang='lat' dir='ltr'><strong>nomine</strong></span> <span class='ocrx_word' id='word_1_98' title='bbox 1803 1155 1977 1198; x_wconf 90' lang='lat' dir='ltr'><strong>domini.</strong></span> <span class='ocrx_word' id='word_1_99' title='bbox 2011 1156 2141 1207; x_wconf 86' lang='lat' dir='ltr'><strong>Scito,</strong></span> <span class='ocrx_word' id='word_1_100' title='bbox 2165 1161 2283 1210; x_wconf 91' lang='lat' dir='ltr'><strong>quod</strong></span> 
     </span>
     <span class='ocr_line' id='line_1_15' title="bbox 419 1206 2284 1264; baseline 0.004 -14"><span class='ocrx_word' id='word_1_101' title='bbox 419 1222 563 1250; x_wconf 89' lang='lat' dir='ltr'><strong>annus</strong></span> <span class='ocrx_word' id='word_1_102' title='bbox 603 1211 766 1251; x_wconf 90' lang='lat' dir='ltr'><strong>lunaris</strong></span> <span class='ocrx_word' id='word_1_103' title='bbox 808 1211 855 1251; x_wconf 88' lang='lat' dir='ltr'><strong>fit</strong></span> <span class='ocrx_word' id='word_1_104' title='bbox 899 1223 954 1251; x_wconf 87' lang='lat' dir='ltr'><strong>ex</strong></span> <span class='ocrx_word' id='word_1_105' title='bbox 996 1211 1081 1250; x_wconf 81' lang='lat'><strong>354</strong></span> <span class='ocrx_word' id='word_1_106' title='bbox 1123 1210 1302 1249; x_wconf 83' lang='lat' dir='ltr'><strong>diebus«</strong></span> <span class='ocrx_word' id='word_1_107' title='bbox 1339 1211 1382 1247; x_wconf 92' lang='lat'><strong>&gt;&lt;</strong></span> <span class='ocrx_word' id='word_1_108' title='bbox 1413 1209 1440 1248; x_wconf 88' lang='lat' dir='ltr'><strong>f.</strong></span> <span class='ocrx_word' id='word_1_109' title='bbox 1473 1206 1551 1250; x_wconf 77' lang='lat'><strong>34¹³</strong></span> <span class='ocrx_word' id='word_1_110' title='bbox 1588 1210 1867 1252; x_wconf 86' lang='lat' dir='ltr'><strong>»Cavendum</strong></span> <span class='ocrx_word' id='word_1_111' title='bbox 1911 1218 2070 1264; x_wconf 90' lang='lat' dir='ltr'><strong>autem,</strong></span> <span class='ocrx_word' id='word_1_112' title='bbox 2102 1219 2150 1256; x_wconf 91' lang='lat' dir='ltr'><strong>ut</strong></span> <span class='ocrx_word' id='word_1_113' title='bbox 2179 1217 2284 1258; x_wconf 91' lang='lat' dir='ltr'><strong>hore</strong></span> 
     </span>
     <span class='ocr_line' id='line_1_16' title="bbox 420 1268 2284 1326; baseline 0.003 -18"><span class='ocrx_word' id='word_1_114' title='bbox 420 1268 667 1320; x_wconf 85' lang='lat' dir='ltr'><strong>supradicte</strong></span> <span class='ocrx_word' id='word_1_115' title='bbox 709 1269 953 1308; x_wconf 90' lang='lat' dir='ltr'><strong>secundum</strong></span> <span class='ocrx_word' id='word_1_116' title='bbox 996 1272 1157 1308; x_wconf 87' lang='lat' dir='ltr'><strong>statum</strong></span> <span class='ocrx_word' id='word_1_117' title='bbox 1200 1270 1414 1318; x_wconf 87' lang='lat' dir='ltr'><strong>presentis</strong></span> <span class='ocrx_word' id='word_1_118' title='bbox 1457 1270 1643 1319; x_wconf 84' lang='lat' dir='ltr'><strong>regionis</strong></span> <span class='ocrx_word' id='word_1_119' title='bbox 1684 1273 1986 1322; x_wconf 69' lang='lat' dir='ltr'><strong>accipiantur«</strong></span> <span class='ocrx_word' id='word_1_120' title='bbox 2033 1272 2284 1326; x_wconf 86' lang='lat' dir='ltr'>Sequuntur</span> 
     </span>
     <span class='ocr_line' id='line_1_17' title="bbox 424 1327 1305 1378; baseline -0.003 -12"><span class='ocrx_word' id='word_1_121' title='bbox 424 1327 597 1378; x_wconf 85' lang='lat' dir='ltr'><strong>»Auges</strong></span> <span class='ocrx_word' id='word_1_122' title='bbox 630 1327 897 1378; x_wconf 89' lang='lat' dir='ltr'><strong>planetarum</strong></span> <span class='ocrx_word' id='word_1_123' title='bbox 930 1327 986 1366; x_wconf 87' lang='lat' dir='ltr'><strong>ad</strong></span> <span class='ocrx_word' id='word_1_124' title='bbox 1017 1338 1056 1377; x_wconf 85' lang='lat' dir='ltr'><strong>g.</strong></span> <span class='ocrx_word' id='word_1_125' title='bbox 1091 1336 1305 1376; x_wconf 82' lang='lat' dir='ltr'><strong>speram«.</strong></span> 
     </span>
    </p>
   </div>
   <div class='ocr_carea' id='block_1_10' title="bbox 416 1397 2282 1506">
    <p class='ocr_par' dir='ltr' id='par_1_10' title="bbox 416 1397 2282 1506">
     <span class='ocr_line' id='line_1_18' title="bbox 555 1397 2282 1449; baseline 0.005 -16"><span class='ocrx_word' id='word_1_126' title='bbox 555 1397 615 1433; x_wconf 89' lang='lat' dir='ltr'><strong>Ex</strong></span> <span class='ocrx_word' id='word_1_127' title='bbox 646 1398 897 1444; x_wconf 87' lang='lat' dir='ltr'><strong>inscriptione</strong></span> <span class='ocrx_word' id='word_1_128' title='bbox 929 1400 969 1434; x_wconf 91' lang='lat' dir='ltr'><strong>in</strong></span> <span class='ocrx_word' id='word_1_129' title='bbox 1000 1397 1183 1444; x_wconf 89' lang='lat' dir='ltr'><strong>operculo</strong></span> <span class='ocrx_word' id='word_1_130' title='bbox 1216 1397 1403 1443; x_wconf 86' lang='lat' dir='ltr'><strong>superiori</strong></span> <span class='ocrx_word' id='word_1_131' title='bbox 1434 1401 1539 1443; x_wconf 89' lang='lat' dir='ltr'><strong>patet</strong></span> <span class='ocrx_word' id='word_1_132' title='bbox 1569 1398 1838 1436; x_wconf 87' lang='lat' dir='ltr'><strong>deficientibus</strong></span> <span class='ocrx_word' id='word_1_133' title='bbox 1862 1412 1966 1437; x_wconf 88' lang='lat' dir='ltr'><strong>nunc</strong></span> <span class='ocrx_word' id='word_1_134' title='bbox 1996 1402 2164 1449; x_wconf 89' lang='lat' dir='ltr'><strong>plagulis</strong></span> <span class='ocrx_word' id='word_1_135' title='bbox 2187 1415 2282 1441; x_wconf 93' lang='lat' dir='ltr'><strong>con-</strong></span> 
     </span>
     <span class='ocr_line' id='line_1_19' title="bbox 416 1455 2190 1506; baseline 0.002 -15"><span class='ocrx_word' id='word_1_136' title='bbox 416 1459 563 1491; x_wconf 84' lang='lat' dir='ltr'><strong>tentam</strong></span> <span class='ocrx_word' id='word_1_137' title='bbox 604 1456 723 1492; x_wconf 86' lang='lat' dir='ltr'><strong>suisse</strong></span> <span class='ocrx_word' id='word_1_138' title='bbox 759 1455 1119 1503; x_wconf 83' lang='lat' dir='ltr'><strong>»Compositionem</strong></span> <span class='ocrx_word' id='word_1_139' title='bbox 1161 1458 1196 1490; x_wconf 90' lang='lat' dir='ltr'><strong>et</strong></span> <span class='ocrx_word' id='word_1_140' title='bbox 1227 1464 1341 1489; x_wconf 89' lang='lat' dir='ltr'><strong>usum</strong></span> <span class='ocrx_word' id='word_1_141' title='bbox 1375 1455 1575 1492; x_wconf 89' lang='lat' dir='ltr'><strong>astrolabii</strong></span> <span class='ocrx_word' id='word_1_142' title='bbox 1604 1457 1885 1502; x_wconf 86' lang='lat' dir='ltr'><strong>particulariter</strong></span> <span class='ocrx_word' id='word_1_143' title='bbox 1915 1460 2190 1506; x_wconf 61' lang='lat' dir='ltr'><strong>magistralis«</strong></span> 
     </span>
    </p>
   </div>
   <div class='ocr_carea' id='block_1_11' title="bbox 557 1567 1704 1623">
    <p class='ocr_par' dir='ltr' id='par_1_11' title="bbox 557 1567 1704 1623">
     <span class='ocr_line' id='line_1_20' title="bbox 557 1567 1704 1623; baseline -0.006 -3"><span class='ocrx_word' id='word_1_144' title='bbox 557 1567 661 1620; x_wconf 87' lang='grc'><strong>692</strong></span> <span class='ocrx_word' id='word_1_145' title='bbox 1008 1567 1101 1617; x_wconf 92' lang='lat' dir='ltr'><strong>IV.</strong></span> <span class='ocrx_word' id='word_1_146' title='bbox 1141 1568 1199 1616; x_wconf 92' lang='lat' dir='ltr'><strong>E.</strong></span> <span class='ocrx_word' id='word_1_147' title='bbox 1236 1567 1318 1616; x_wconf 87' lang='grc'><strong>12.</strong></span> <span class='ocrx_word' id='word_1_148' title='bbox 1356 1578 1415 1620; x_wconf 89' lang='lat' dir='ltr'><strong>(Y.</strong></span> <span class='ocrx_word' id='word_1_149' title='bbox 1442 1578 1469 1611; x_wconf 87' lang='lat'><strong>1.</strong></span> <span class='ocrx_word' id='word_1_150' title='bbox 1495 1579 1525 1611; x_wconf 89' lang='lat'><strong>1.</strong></span> <span class='ocrx_word' id='word_1_151' title='bbox 1552 1589 1586 1612; x_wconf 78' lang='lat' dir='ltr'><strong>n.</strong></span> <span class='ocrx_word' id='word_1_152' title='bbox 1613 1580 1704 1623; x_wconf 83' lang='lat'><strong>128.)</strong></span> 
     </span>
    </p>
   </div>
   <div class='ocr_carea' id='block_1_12' title="bbox 416 1660 1786 1714">
    <p class='ocr_par' dir='ltr' id='par_1_12' title="bbox 416 1660 1786 1714">
     <span class='ocr_line' id='line_1_21' title="bbox 416 1660 1786 1714; baseline 0.001 -13"><span class='ocrx_word' id='word_1_153' title='bbox 416 1661 667 1702; x_wconf 80' lang='lat' dir='ltr'><strong>membran.</strong></span> <span class='ocrx_word' id='word_1_154' title='bbox 698 1672 813 1702; x_wconf 84' lang='lat' dir='ltr'><strong>saec.</strong></span> <span class='ocrx_word' id='word_1_155' title='bbox 846 1660 1119 1702; x_wconf 80' lang='lat' dir='ltr'><strong>XII—XIII</strong></span> <span class='ocrx_word' id='word_1_156' title='bbox 1137 1661 1191 1714; x_wconf 89' lang='lat' dir='ltr'><strong>ff.</strong></span> <span class='ocrx_word' id='word_1_157' title='bbox 1223 1661 1293 1709; x_wconf 82' lang='lat'><strong>37,</strong></span> <span class='ocrx_word' id='word_1_158' title='bbox 1324 1661 1376 1701; x_wconf 84' lang='lat'><strong>21</strong></span> <span class='ocrx_word' id='word_1_159' title='bbox 1399 1661 1450 1712; x_wconf 89' lang='lat'><strong>&gt;&lt;</strong></span> <span class='ocrx_word' id='word_1_160' title='bbox 1469 1662 1527 1702; x_wconf 85' lang='lat'><strong>15</strong></span> <span class='ocrx_word' id='word_1_161' title='bbox 1555 1674 1638 1702; x_wconf 89' lang='lat' dir='ltr'><strong>cm.</strong></span> <span class='ocrx_word' id='word_1_162' title='bbox 1669 1663 1692 1702; x_wconf 87' lang='lat'><strong><em>1</em></strong></span> <span class='ocrx_word' id='word_1_163' title='bbox 1728 1675 1786 1704; x_wconf 91' lang='lat' dir='ltr'><strong>m.</strong></span> 
     </span>
    </p>
   </div>
   <div class='ocr_carea' id='block_1_13' title="bbox 415 1742 2278 1841">
    <p class='ocr_par' dir='ltr' id='par_1_13' title="bbox 415 1742 2278 1841">
     <span class='ocr_line' id='line_1_22' title="bbox 415 1742 2278 1840; baseline 0.004 -58"><span class='ocrx_word' id='word_1_164' title='bbox 415 1800 444 1840; x_wconf 74' lang='lat' dir='ltr'>J</span> <span class='ocrx_word' id='word_1_165' title='bbox 561 1742 807 1783; x_wconf 90' lang='lat' dir='ltr'><strong>Giselberti</strong></span> <span class='ocrx_word' id='word_1_166' title='bbox 837 1742 1222 1784; x_wconf 88' lang='lat' dir='ltr'><strong>Altisiodorensis</strong></span> <span class='ocrx_word' id='word_1_167' title='bbox 1264 1742 1434 1783; x_wconf 91' lang='lat' dir='ltr'><strong>Glossa</strong></span> <span class='ocrx_word' id='word_1_168' title='bbox 1464 1743 1698 1784; x_wconf 83' lang='lat' dir='ltr'><strong>ordinaria</strong></span> <span class='ocrx_word' id='word_1_169' title='bbox 1728 1756 1869 1796; x_wconf 90' lang='lat' dir='ltr'><strong>super</strong></span> <span class='ocrx_word' id='word_1_170' title='bbox 1899 1746 2278 1790; x_wconf 86' lang='lat' dir='ltr'><strong>Lamentationes</strong></span> 
     </span>
     <span class='ocr_line' id='line_1_23' title="bbox 447 1811 656 1841; baseline -0.005 -1"><span class='ocrx_word' id='word_1_171' title='bbox 447 1811 656 1841; x_wconf 81' lang='lat' dir='ltr'><strong>eremiae.</strong></span> 
     </span>
    </p>
   </div>
   <div class='ocr_carea' id='block_1_14' title="bbox 415 1868 2279 2036">
    <p class='ocr_par' dir='ltr' id='par_1_14' title="bbox 415 1868 2279 2036">
     <span class='ocr_line' id='line_1_24' title="bbox 559 1868 2279 1924; baseline 0.004 -15"><span class='ocrx_word' id='word_1_172' title='bbox 559 1871 585 1910; x_wconf 89' lang='lat' dir='ltr'><strong>f.</strong></span> <span class='ocrx_word' id='word_1_173' title='bbox 624 1868 668 1910; x_wconf 78' lang='lat'><strong>1¹³</strong></span> <span class='ocrx_word' id='word_1_174' title='bbox 706 1870 955 1922; x_wconf 75' lang='lat' dir='ltr'><strong>»Origenes</strong></span> <span class='ocrx_word' id='word_1_175' title='bbox 990 1870 1206 1910; x_wconf 88' lang='lat' dir='ltr'><strong>Iusticiam</strong></span> <span class='ocrx_word' id='word_1_176' title='bbox 1239 1870 1507 1910; x_wconf 88' lang='lat' dir='ltr'><strong>accidentem</strong></span> <span class='ocrx_word' id='word_1_177' title='bbox 1540 1874 1637 1922; x_wconf 92' lang='lat' dir='ltr'><strong>quis</strong></span> <span class='ocrx_word' id='word_1_178' title='bbox 1669 1872 1828 1912; x_wconf 88' lang='lat' dir='ltr'><strong>habere</strong></span> <span class='ocrx_word' id='word_1_179' title='bbox 1861 1877 2028 1924; x_wconf 80' lang='lat' dir='ltr'><strong>potest«</strong></span> <span class='ocrx_word' id='word_1_180' title='bbox 2064 1876 2108 1912; x_wconf 96' lang='grc'><strong>&gt;&lt;</strong></span> <span class='ocrx_word' id='word_1_181' title='bbox 2138 1875 2166 1915; x_wconf 87' lang='lat' dir='ltr'><strong>f.</strong></span> <span class='ocrx_word' id='word_1_182' title='bbox 2199 1875 2279 1916; x_wconf 83' lang='lat' dir='ltr'><strong>37a</strong></span> 
     </span>
     <span class='ocr_line' id='line_1_25' title="bbox 419 1927 2279 1985; baseline 0.004 -18"><span class='ocrx_word' id='word_1_183' title='bbox 419 1939 525 1967; x_wconf 81' lang='lat' dir='ltr'><strong>»nec</strong></span> <span class='ocrx_word' id='word_1_184' title='bbox 571 1931 697 1968; x_wconf 89' lang='lat' dir='ltr'><strong>venie</strong></span> <span class='ocrx_word' id='word_1_185' title='bbox 744 1930 867 1968; x_wconf 92' lang='lat' dir='ltr'><strong>locus</strong></span> <span class='ocrx_word' id='word_1_186' title='bbox 916 1931 1004 1968; x_wconf 90' lang='lat' dir='ltr'><strong>erit.</strong></span> <span class='ocrx_word' id='word_1_187' title='bbox 1041 1927 1271 1968; x_wconf 87' lang='lat' dir='ltr'><strong>Sufficiant</strong></span> <span class='ocrx_word' id='word_1_188' title='bbox 1316 1928 1396 1967; x_wconf 91' lang='lat' dir='ltr'><strong>hec</strong></span> <span class='ocrx_word' id='word_1_189' title='bbox 1428 1928 1484 1967; x_wconf 88' lang='lat' dir='ltr'><strong>ad</strong></span> <span class='ocrx_word' id='word_1_190' title='bbox 1517 1932 1844 1980; x_wconf 88' lang='lat' dir='ltr'><strong>exposicionem</strong></span> <span class='ocrx_word' id='word_1_191' title='bbox 1875 1930 2071 1981; x_wconf 89' lang='lat' dir='ltr'><strong>Jeremie‚</strong></span> <span class='ocrx_word' id='word_1_192' title='bbox 2109 1945 2193 1985; x_wconf 93' lang='lat' dir='ltr'><strong>que</strong></span> <span class='ocrx_word' id='word_1_193' title='bbox 2225 1934 2279 1974; x_wconf 90' lang='lat' dir='ltr'><strong>de</strong></span> 
     </span>
     <span class='ocr_line' id='line_1_26' title="bbox 415 1985 2275 2036; baseline 0.004 -11"><span class='ocrx_word' id='word_1_194' title='bbox 415 1989 584 2036; x_wconf 89' lang='lat' dir='ltr'><strong>patrum</strong></span> <span class='ocrx_word' id='word_1_195' title='bbox 615 1986 809 2026; x_wconf 91' lang='lat' dir='ltr'><strong>fontibus</strong></span> <span class='ocrx_word' id='word_1_196' title='bbox 841 1987 968 2026; x_wconf 88' lang='lat' dir='ltr'><strong>hausi</strong></span> <span class='ocrx_word' id='word_1_197' title='bbox 1000 1997 1082 2036; x_wconf 89' lang='lat' dir='ltr'><strong>ego</strong></span> <span class='ocrx_word' id='word_1_198' title='bbox 1115 1985 1384 2025; x_wconf 89' lang='lat' dir='ltr'><strong>Giselbertus</strong></span> <span class='ocrx_word' id='word_1_199' title='bbox 1406 1986 1760 2027; x_wconf 89' lang='lat' dir='ltr'><strong>Altisiodorensis</strong></span> <span class='ocrx_word' id='word_1_200' title='bbox 1778 1989 1959 2028; x_wconf 89' lang='lat' dir='ltr'><strong>ecclesie</strong></span> <span class='ocrx_word' id='word_1_201' title='bbox 1977 1990 2189 2031; x_wconf 87' lang='lat' dir='ltr'><strong>diaconus</strong></span> <span class='ocrx_word' id='word_1_202' title='bbox 2208 2023 2217 2032; x_wconf 88' lang='lat'><strong>.</strong></span> <span class='ocrx_word' id='word_1_203' title='bbox 2238 2023 2246 2032; x_wconf 92' lang='lat'><strong>.</strong></span> <span class='ocrx_word' id='word_1_204' title='bbox 2266 2024 2275 2032; x_wconf 89' lang='lat'><strong>.</strong></span> 
     </span>
    </p>
   </div>
   <div class='ocr_carea' id='block_1_15' title="bbox 414 2042 1535 2094">
    <p class='ocr_par' dir='ltr' id='par_1_15' title="bbox 414 2042 1535 2094">
     <span class='ocr_line' id='line_1_27' title="bbox 414 2042 1535 2094; baseline 0.001 -12"><span class='ocrx_word' id='word_1_205' title='bbox 414 2042 507 2083; x_wconf 91' lang='lat' dir='ltr'><strong>Hee</strong></span> <span class='ocrx_word' id='word_1_206' title='bbox 541 2048 645 2084; x_wconf 89' lang='lat' dir='ltr'><strong>sunt</strong></span> <span class='ocrx_word' id='word_1_207' title='bbox 674 2045 1017 2084; x_wconf 85' lang='lat' dir='ltr'><strong>lamentaciones</strong></span> <span class='ocrx_word' id='word_1_208' title='bbox 1049 2044 1254 2083; x_wconf 89' lang='lat' dir='ltr'><strong>Iheremie</strong></span> <span class='ocrx_word' id='word_1_209' title='bbox 1285 2044 1535 2094; x_wconf 78' lang='lat' dir='ltr'><strong>prophete«</strong></span> 
     </span>
    </p>
   </div>
   <div class='ocr_carea' id='block_1_16' title="bbox 413 2114 2275 2219">
    <p class='ocr_par' dir='ltr' id='par_1_16' title="bbox 413 2114 2275 2219">
     <span class='ocr_line' id='line_1_28' title="bbox 551 2114 2275 2163; baseline 0.003 -12"><span class='ocrx_word' id='word_1_210' title='bbox 551 2115 595 2151; x_wconf 92' lang='lat' dir='ltr'><strong>In</strong></span> <span class='ocrx_word' id='word_1_211' title='bbox 626 2116 810 2163; x_wconf 86' lang='lat' dir='ltr'><strong>operculo</strong></span> <span class='ocrx_word' id='word_1_212' title='bbox 853 2125 981 2162; x_wconf 89' lang='lat' dir='ltr'><strong>super.</strong></span> <span class='ocrx_word' id='word_1_213' title='bbox 1022 2115 1256 2151; x_wconf 91' lang='lat' dir='ltr'><strong>intrinsecus</strong></span> <span class='ocrx_word' id='word_1_214' title='bbox 1294 2125 1412 2150; x_wconf 89' lang='lat' dir='ltr'><strong>manu</strong></span> <span class='ocrx_word' id='word_1_215' title='bbox 1444 2124 1547 2152; x_wconf 88' lang='lat' dir='ltr'><strong>saec.</strong></span> <span class='ocrx_word' id='word_1_216' title='bbox 1579 2114 1653 2151; x_wconf 91' lang='lat' dir='ltr'><strong>XV</strong></span> <span class='ocrx_word' id='word_1_217' title='bbox 1683 2119 1818 2152; x_wconf 87' lang='lat' dir='ltr'><strong>notata</strong></span> <span class='ocrx_word' id='word_1_218' title='bbox 1848 2121 1907 2153; x_wconf 91' lang='lat' dir='ltr'><strong>est</strong></span> <span class='ocrx_word' id='word_1_219' title='bbox 1937 2118 2109 2156; x_wconf 89' lang='lat' dir='ltr'><strong>definitio</strong></span> <span class='ocrx_word' id='word_1_220' title='bbox 2141 2120 2275 2157; x_wconf 89' lang='lat' dir='ltr'><strong>ieiunii</strong></span> 
     </span>
     <span class='ocr_line' id='line_1_29' title="bbox 413 2172 1762 2219; baseline 0.001 -11"><span class='ocrx_word' id='word_1_221' title='bbox 413 2174 627 2219; x_wconf 90' lang='lat' dir='ltr'><strong>corporalis</strong></span> <span class='ocrx_word' id='word_1_222' title='bbox 659 2174 876 2210; x_wconf 90' lang='lat' dir='ltr'><strong>secundum</strong></span> <span class='ocrx_word' id='word_1_223' title='bbox 907 2173 1012 2219; x_wconf 87' lang='lat' dir='ltr'><strong>Mag.</strong></span> <span class='ocrx_word' id='word_1_224' title='bbox 1044 2172 1299 2209; x_wconf 86' lang='lat' dir='ltr'><strong>Jacobellum.</strong></span> <span class='ocrx_word' id='word_1_225' title='bbox 1331 2172 1454 2208; x_wconf 90' lang='lat' dir='ltr'><strong>Vetus</strong></span> <span class='ocrx_word' id='word_1_226' title='bbox 1487 2174 1586 2219; x_wconf 89' lang='lat' dir='ltr'><strong>sign.</strong></span> <span class='ocrx_word' id='word_1_227' title='bbox 1618 2173 1661 2219; x_wconf 92' lang='lat' dir='ltr'><strong>B,</strong></span> <span class='ocrx_word' id='word_1_228' title='bbox 1695 2173 1762 2210; x_wconf 85' lang='lat'><strong>28.</strong></span> 
     </span>
    </p>
   </div>
   <div class='ocr_carea' id='block_1_17' title="bbox 554 2284 1701 2337">
    <p class='ocr_par' dir='ltr' id='par_1_17' title="bbox 554 2284 1701 2337">
     <span class='ocr_line' id='line_1_30' title="bbox 554 2284 1701 2337; baseline -0.008 0"><span class='ocrx_word' id='word_1_229' title='bbox 554 2285 660 2337; x_wconf 86' lang='grc'><strong>693</strong></span> <span class='ocrx_word' id='word_1_230' title='bbox 1014 2284 1109 2334; x_wconf 83' lang='lat' dir='ltr'><strong>IV.</strong></span> <span class='ocrx_word' id='word_1_231' title='bbox 1147 2284 1205 2333; x_wconf 91' lang='lat' dir='ltr'><strong>E.</strong></span> <span class='ocrx_word' id='word_1_232' title='bbox 1249 2285 1326 2334; x_wconf 77' lang='lat'><strong>13.</strong></span> <span class='ocrx_word' id='word_1_233' title='bbox 1366 2295 1425 2337; x_wconf 89' lang='lat' dir='ltr'><strong>(Y.</strong></span> <span class='ocrx_word' id='word_1_234' title='bbox 1451 2296 1478 2329; x_wconf 87' lang='lat' dir='ltr'><strong>J.</strong></span> <span class='ocrx_word' id='word_1_235' title='bbox 1506 2297 1536 2329; x_wconf 87' lang='lat'><strong>1.</strong></span> <span class='ocrx_word' id='word_1_236' title='bbox 1555 2306 1589 2330; x_wconf 82' lang='lat' dir='ltr'><strong>n.</strong></span> <span class='ocrx_word' id='word_1_237' title='bbox 1609 2297 1701 2337; x_wconf 80' lang='lat'><strong>130.)</strong></span> 
     </span>
    </p>
   </div>
   <div class='ocr_carea' id='block_1_18' title="bbox 413 2377 1688 2431">
    <p class='ocr_par' dir='ltr' id='par_1_18' title="bbox 413 2377 1688 2431">
     <span class='ocr_line' id='line_1_31' title="bbox 413 2377 1688 2431; baseline 0.001 -13"><span class='ocrx_word' id='word_1_238' title='bbox 413 2379 555 2418; x_wconf 83' lang='lat' dir='ltr'><strong>chart.</strong></span> <span class='ocrx_word' id='word_1_239' title='bbox 586 2390 699 2418; x_wconf 82' lang='lat' dir='ltr'><strong>saec.</strong></span> <span class='ocrx_word' id='word_1_240' title='bbox 731 2377 823 2418; x_wconf 93' lang='lat' dir='ltr'><strong>XV</strong></span> <span class='ocrx_word' id='word_1_241' title='bbox 840 2377 894 2431; x_wconf 80' lang='lat' dir='ltr'><em>ff</em></span> <span class='ocrx_word' id='word_1_242' title='bbox 925 2378 1010 2419; x_wconf 82' lang='lat'><strong>267</strong></span> <span class='ocrx_word' id='word_1_243' title='bbox 1041 2390 1178 2428; x_wconf 65' lang='lat' dir='ltr'><strong>num„</strong></span> <span class='ocrx_word' id='word_1_244' title='bbox 1209 2380 1261 2420; x_wconf 83' lang='lat'><strong>21</strong></span> <span class='ocrx_word' id='word_1_245' title='bbox 1283 2379 1413 2430; x_wconf 87' lang='lat'><em>&gt;&lt;15</em></span> <span class='ocrx_word' id='word_1_246' title='bbox 1440 2390 1524 2419; x_wconf 84' lang='lat' dir='ltr'><strong>cm.</strong></span> <span class='ocrx_word' id='word_1_247' title='bbox 1557 2379 1598 2419; x_wconf 87' lang='lat' dir='ltr'><strong>d.</strong></span> <span class='ocrx_word' id='word_1_248' title='bbox 1629 2391 1688 2419; x_wconf 91' lang='lat' dir='ltr'><strong>m.</strong></span> 
     </span>
    </p>
   </div>
   <div class='ocr_carea' id='block_1_19' title="bbox 826 2459 1858 2512">
    <p class='ocr_par' dir='ltr' id='par_1_19' title="bbox 826 2459 1858 2512">
     <span class='ocr_line' id='line_1_32' title="bbox 826 2459 1858 2512; baseline 0.002 -13"><span class='ocrx_word' id='word_1_249' title='bbox 826 2459 1075 2500; x_wconf 87' lang='lat' dir='ltr'><strong>Sermones</strong></span> <span class='ocrx_word' id='word_1_250' title='bbox 1105 2460 1223 2500; x_wconf 89' lang='lat' dir='ltr'><strong>varii</strong></span> <span class='ocrx_word' id='word_1_251' title='bbox 1253 2472 1360 2500; x_wconf 92' lang='lat' dir='ltr'><strong>cum</strong></span> <span class='ocrx_word' id='word_1_252' title='bbox 1389 2459 1559 2512; x_wconf 88' lang='lat' dir='ltr'><strong>glossis</strong></span> <span class='ocrx_word' id='word_1_253' title='bbox 1591 2459 1858 2502; x_wconf 87' lang='lat' dir='ltr'><strong>bohemicis.</strong></span> 
     </span>
    </p>
   </div>
   <div class='ocr_carea' id='block_1_20' title="bbox 407 2531 2272 2809">
    <p class='ocr_par' dir='ltr' id='par_1_20' title="bbox 407 2531 2272 2809">
     <span class='ocr_line' id='line_1_33' title="bbox 554 2531 2270 2583; baseline 0.005 -17"><span class='ocrx_word' id='word_1_254' title='bbox 554 2531 791 2578; x_wconf 86' lang='lat' dir='ltr'><strong>Indigestam</strong></span> <span class='ocrx_word' id='word_1_255' title='bbox 822 2532 925 2567; x_wconf 90' lang='lat' dir='ltr'><strong>hanc</strong></span> <span class='ocrx_word' id='word_1_256' title='bbox 957 2542 1181 2568; x_wconf 91' lang='lat' dir='ltr'><strong>sermonum</strong></span> <span class='ocrx_word' id='word_1_257' title='bbox 1201 2536 1238 2568; x_wconf 93' lang='lat' dir='ltr'><strong>et</strong></span> <span class='ocrx_word' id='word_1_258' title='bbox 1255 2532 1835 2578; x_wconf 69' lang='lat' dir='ltr'><strong>expositionum‘collectionem</strong></span> <span class='ocrx_word' id='word_1_259' title='bbox 1852 2535 2095 2580; x_wconf 88' lang='lat' dir='ltr'><strong>praedicator</strong></span> <span class='ocrx_word' id='word_1_260' title='bbox 2111 2537 2270 2583; x_wconf 86' lang='lat' dir='ltr'><strong>quidam</strong></span> 
     </span>
     <span class='ocr_line' id='line_1_34' title="bbox 408 2589 2272 2637; baseline 0.004 -13"><span class='ocrx_word' id='word_1_261' title='bbox 408 2592 448 2625; x_wconf 88' lang='lat' dir='ltr'><strong>in</strong></span> <span class='ocrx_word' id='word_1_262' title='bbox 480 2599 595 2624; x_wconf 90' lang='lat' dir='ltr'><strong>usum</strong></span> <span class='ocrx_word' id='word_1_263' title='bbox 626 2590 823 2635; x_wconf 90' lang='lat' dir='ltr'><strong>proprium</strong></span> <span class='ocrx_word' id='word_1_264' title='bbox 869 2589 944 2625; x_wconf 93' lang='lat' dir='ltr'><strong>sibi</strong></span> <span class='ocrx_word' id='word_1_265' title='bbox 975 2590 1154 2635; x_wconf 88' lang='lat' dir='ltr'><strong>instituit,</strong></span> <span class='ocrx_word' id='word_1_266' title='bbox 1197 2591 1263 2636; x_wconf 91' lang='lat' dir='ltr'><strong>qui</strong></span> <span class='ocrx_word' id='word_1_267' title='bbox 1295 2591 1408 2626; x_wconf 88' lang='lat' dir='ltr'><strong>etiam</strong></span> <span class='ocrx_word' id='word_1_268' title='bbox 1442 2590 1542 2626; x_wconf 85' lang='lat' dir='ltr'><strong>alias</strong></span> <span class='ocrx_word' id='word_1_269' title='bbox 1573 2594 1687 2626; x_wconf 87' lang='lat' dir='ltr'><strong>notas</strong></span> <span class='ocrx_word' id='word_1_270' title='bbox 1730 2591 1973 2637; x_wconf 89' lang='lat' dir='ltr'><strong>theologicas</strong></span> <span class='ocrx_word' id='word_1_271' title='bbox 2003 2595 2044 2629; x_wconf 92' lang='lat' dir='ltr'><strong>in</strong></span> <span class='ocrx_word' id='word_1_272' title='bbox 2076 2595 2203 2631; x_wconf 87' lang='lat' dir='ltr'><strong>medio</strong></span> <span class='ocrx_word' id='word_1_273' title='bbox 2234 2600 2272 2631; x_wconf 93' lang='lat' dir='ltr'><strong>et</strong></span> 
     </span>
     <span class='ocr_line' id='line_1_35' title="bbox 407 2642 2270 2698; baseline 0.004 -16"><span class='ocrx_word' id='word_1_274' title='bbox 407 2648 446 2682; x_wconf 91' lang='lat' dir='ltr'><strong>in</strong></span> <span class='ocrx_word' id='word_1_275' title='bbox 479 2647 554 2682; x_wconf 90' lang='lat' dir='ltr'><strong>fine</strong></span> <span class='ocrx_word' id='word_1_276' title='bbox 586 2647 864 2693; x_wconf 89' lang='lat' dir='ltr'><strong>superaddidit,</strong></span> <span class='ocrx_word' id='word_1_277' title='bbox 897 2657 957 2683; x_wconf 84' lang='lat' dir='ltr'><strong>ex.</strong></span> <span class='ocrx_word' id='word_1_278' title='bbox 990 2658 1044 2693; x_wconf 90' lang='lat' dir='ltr'><strong>gr.</strong></span> <span class='ocrx_word' id='word_1_279' title='bbox 1077 2647 1101 2684; x_wconf 86' lang='lat' dir='ltr'><strong>f.</strong></span> <span class='ocrx_word' id='word_1_280' title='bbox 1136 2647 1238 2684; x_wconf 85' lang='lat'>263·</span> <span class='ocrx_word' id='word_1_281' title='bbox 1268 2658 1408 2684; x_wconf 89' lang='lat' dir='ltr'><strong>versus</strong></span> <span class='ocrx_word' id='word_1_282' title='bbox 1430 2648 1686 2692; x_wconf 88' lang='lat' dir='ltr'><strong>memoriales,</strong></span> <span class='ocrx_word' id='word_1_283' title='bbox 1712 2642 1813 2684; x_wconf 68' lang='lat'>2631,</span> <span class='ocrx_word' id='word_1_284' title='bbox 1839 2651 2022 2696; x_wconf 79' lang='lat' dir='ltr'><strong>»quando</strong></span> <span class='ocrx_word' id='word_1_285' title='bbox 2043 2652 2270 2698; x_wconf 86' lang='lat' dir='ltr'><strong>inceperunt</strong></span> 
     </span>
     <span class='ocr_line' id='line_1_36' title="bbox 409 2703 2270 2753; baseline 0.004 -13"><span class='ocrx_word' id='word_1_286' title='bbox 409 2705 564 2740; x_wconf 90' lang='lat' dir='ltr'><strong>ordines</strong></span> <span class='ocrx_word' id='word_1_287' title='bbox 606 2704 915 2750; x_wconf 83' lang='lat' dir='ltr'><strong>religiosorum«,</strong></span> <span class='ocrx_word' id='word_1_288' title='bbox 963 2707 1147 2741; x_wconf 82' lang='lat' dir='ltr'><strong>»missam</strong></span> <span class='ocrx_word' id='word_1_289' title='bbox 1187 2715 1255 2752; x_wconf 91' lang='lat' dir='ltr'><strong>pro</strong></span> <span class='ocrx_word' id='word_1_290' title='bbox 1296 2706 1563 2752; x_wconf 84' lang='lat' dir='ltr'><strong>pestilencia«,</strong></span> <span class='ocrx_word' id='word_1_291' title='bbox 1605 2706 1629 2743; x_wconf 89' lang='lat' dir='ltr'><strong>f.</strong></span> <span class='ocrx_word' id='word_1_292' title='bbox 1674 2703 1774 2742; x_wconf 83' lang='lat'>267·</span> <span class='ocrx_word' id='word_1_293' title='bbox 1817 2707 1984 2753; x_wconf 85' lang='lat' dir='ltr'><strong>»quibus</strong></span> <span class='ocrx_word' id='word_1_294' title='bbox 2015 2709 2270 2747; x_wconf 88' lang='lat' dir='ltr'><strong>inhibendum</strong></span> 
     </span>
     <span class='ocr_line' id='line_1_37' title="bbox 409 2762 1391 2809; baseline 0.002 -11"><span class='ocrx_word' id='word_1_295' title='bbox 409 2766 467 2798; x_wconf 88' lang='lat' dir='ltr'><strong>est</strong></span> <span class='ocrx_word' id='word_1_296' title='bbox 498 2772 641 2808; x_wconf 91' lang='lat' dir='ltr'><strong>corpus</strong></span> <span class='ocrx_word' id='word_1_297' title='bbox 673 2763 955 2799; x_wconf 76' lang='lat' dir='ltr'><strong>dominicum«.</strong></span> <span class='ocrx_word' id='word_1_298' title='bbox 987 2762 1110 2799; x_wconf 89' lang='lat' dir='ltr'><strong>Vetus</strong></span> <span class='ocrx_word' id='word_1_299' title='bbox 1142 2763 1240 2809; x_wconf 89' lang='lat' dir='ltr'><strong>sign.</strong></span> <span class='ocrx_word' id='word_1_300' title='bbox 1273 2763 1320 2809; x_wconf 88' lang='lat' dir='ltr'><strong>D,</strong></span> <span class='ocrx_word' id='word_1_301' title='bbox 1354 2763 1391 2800; x_wconf 89' lang='lat'><strong>8.</strong></span> 
     </span>
    </p>
   </div>
   <div class='ocr_carea' id='block_1_21' title="bbox 547 2873 1711 2928">
    <p class='ocr_par' dir='ltr' id='par_1_21' title="bbox 547 2873 1711 2928">
     <span class='ocr_line' id='line_1_38' title="bbox 547 2873 1711 2928; baseline -0.006 -2"><span class='ocrx_word' id='word_1_302' title='bbox 547 2873 657 2926; x_wconf 82' lang='lat'><strong>694</strong></span> <span class='ocrx_word' id='word_1_303' title='bbox 1006 2873 1100 2923; x_wconf 90' lang='lat' dir='ltr'><strong>IV.</strong></span> <span class='ocrx_word' id='word_1_304' title='bbox 1138 2873 1196 2923; x_wconf 93' lang='lat' dir='ltr'><strong>E.</strong></span> <span class='ocrx_word' id='word_1_305' title='bbox 1235 2874 1318 2923; x_wconf 78' lang='lat'><strong>14.</strong></span> <span class='ocrx_word' id='word_1_306' title='bbox 1339 2885 1398 2926; x_wconf 87' lang='lat' dir='ltr'><strong>(Y.</strong></span> <span class='ocrx_word' id='word_1_307' title='bbox 1424 2885 1452 2918; x_wconf 82' lang='grc' dir='ltr'><strong>Ι.</strong></span> <span class='ocrx_word' id='word_1_308' title='bbox 1482 2886 1511 2918; x_wconf 91' lang='lat'><strong>1.</strong></span> <span class='ocrx_word' id='word_1_309' title='bbox 1538 2896 1572 2919; x_wconf 82' lang='lat' dir='ltr'><strong>n.</strong></span> <span class='ocrx_word' id='word_1_310' title='bbox 1600 2886 1711 2928; x_wconf 73' lang='lat'><em>1382)</em></span> 
     </span>
    </p>
   </div>
   <div class='ocr_carea' id='block_1_22' title="bbox 405 2966 1987 3022">
    <p class='ocr_par' dir='ltr' id='par_1_22' title="bbox 405 2966 1987 3022">
     <span class='ocr_line' id='line_1_39' title="bbox 405 2966 1987 3022; baseline 0.003 -16"><span class='ocrx_word' id='word_1_311' title='bbox 405 2966 548 3007; x_wconf 80' lang='lat' dir='ltr'><strong>chart.</strong></span> <span class='ocrx_word' id='word_1_312' title='bbox 579 2979 694 3007; x_wconf 79' lang='lat' dir='ltr'><strong>saec.</strong></span> <span class='ocrx_word' id='word_1_313' title='bbox 725 2966 817 3006; x_wconf 91' lang='lat' dir='ltr'><strong>XV</strong></span> <span class='ocrx_word' id='word_1_314' title='bbox 827 2967 889 3020; x_wconf 81' lang='lat' dir='ltr'><em>ff</em></span> <span class='ocrx_word' id='word_1_315' title='bbox 920 2966 1018 3017; x_wconf 84' lang='lat'><strong>224,</strong></span> <span class='ocrx_word' id='word_1_316' title='bbox 1049 2967 1340 3015; x_wconf 84' lang='lat'><em>21·5&gt;&lt;15·5</em></span> <span class='ocrx_word' id='word_1_317' title='bbox 1367 2979 1450 3008; x_wconf 86' lang='lat' dir='ltr'><strong>cm.</strong></span> <span class='ocrx_word' id='word_1_318' title='bbox 1482 2968 1506 3008; x_wconf 92' lang='grc'><em>1</em></span> <span class='ocrx_word' id='word_1_319' title='bbox 1539 2980 1598 3008; x_wconf 91' lang='lat' dir='ltr'><strong>m.</strong></span> <span class='ocrx_word' id='word_1_320' title='bbox 1631 2979 1733 3008; x_wconf 78' lang='lat' dir='ltr'><strong>cum</strong></span> <span class='ocrx_word' id='word_1_321' title='bbox 1765 2969 1858 3009; x_wconf 78' lang='lat' dir='ltr'><strong>init.</strong></span> <span class='ocrx_word' id='word_1_322' title='bbox 1884 2970 1987 3022; x_wconf 80' lang='lat' dir='ltr'><strong>pict.</strong></span> 
     </span>
    </p>
   </div>
   <div class='ocr_carea' id='block_1_23' title="bbox 847 3048 1814 3101">
    <p class='ocr_par' dir='ltr' id='par_1_23' title="bbox 847 3048 1814 3101">
     <span class='ocr_line' id='line_1_40' title="bbox 847 3048 1814 3101; baseline 0.001 -12"><span class='ocrx_word' id='word_1_323' title='bbox 847 3048 1094 3089; x_wconf 88' lang='lat' dir='ltr'><strong>Rosarium</strong></span> <span class='ocrx_word' id='word_1_324' title='bbox 1134 3048 1461 3097; x_wconf 88' lang='lat' dir='ltr'><strong>(Dictionarium</strong></span> <span class='ocrx_word' id='word_1_325' title='bbox 1492 3049 1814 3101; x_wconf 88' lang='lat' dir='ltr'><strong>theologicum).</strong></span> 
     </span>
    </p>
   </div>
   <div class='ocr_carea' id='block_1_24' title="bbox 404 3116 2265 3342">
    <p class='ocr_par' dir='ltr' id='par_1_24' title="bbox 404 3116 2265 3342">
     <span class='ocr_line' id='line_1_41' title="bbox 546 3116 2265 3172; baseline 0.002 -16"><span class='ocrx_word' id='word_1_326' title='bbox 546 3116 573 3156; x_wconf 87' lang='lat' dir='ltr'><strong>f.</strong></span> <span class='ocrx_word' id='word_1_327' title='bbox 612 3117 651 3155; x_wconf 72' lang='lat'><strong>1⁵</strong></span> <span class='ocrx_word' id='word_1_328' title='bbox 686 3117 948 3157; x_wconf 81' lang='lat' dir='ltr'><strong>»Absolucio</strong></span> <span class='ocrx_word' id='word_1_329' title='bbox 981 3118 1134 3157; x_wconf 88' lang='lat' dir='ltr'><strong>dicitur</strong></span> <span class='ocrx_word' id='word_1_330' title='bbox 1154 3118 1390 3168; x_wconf 81' lang='lat' dir='ltr'><strong>tripliciter«</strong></span> <span class='ocrx_word' id='word_1_331' title='bbox 1415 3120 1456 3156; x_wconf 81' lang='grc'><strong>&gt;&lt;</strong></span> <span class='ocrx_word' id='word_1_332' title='bbox 1472 3117 1500 3157; x_wconf 88' lang='lat' dir='ltr'><strong>f.</strong></span> <span class='ocrx_word' id='word_1_333' title='bbox 1524 3118 1630 3158; x_wconf 65' lang='grc' dir='ltr'><strong>223ει</strong></span> <span class='ocrx_word' id='word_1_334' title='bbox 1652 3121 1893 3168; x_wconf 90' lang='lat' dir='ltr'><strong>(absolvitur</strong></span> <span class='ocrx_word' id='word_1_335' title='bbox 1922 3134 2000 3160; x_wconf 88' lang='lat' dir='ltr'><strong>vox</strong></span> <span class='ocrx_word' id='word_1_336' title='bbox 2023 3123 2265 3172; x_wconf 62' lang='lat' dir='ltr'><strong>»Zyzaniaq</strong></span> 
     </span>
     <span class='ocr_line' id='line_1_42' title="bbox 404 3172 2261 3270; baseline 0.004 -57"><span class='ocrx_word' id='word_1_337' title='bbox 404 3172 586 3270; x_wconf 35' lang='grc' dir='ltr'><strong>ΞυΔὶΞῐΥἰὶῑὲίῐῐιεὲἧς</strong></span> <span class='ocrx_word' id='word_1_338' title='bbox 607 3179 788 3225; x_wconf 90' lang='lat' dir='ltr'><strong>utraque</strong></span> <span class='ocrx_word' id='word_1_339' title='bbox 837 3186 1032 3215; x_wconf 92' lang='lat' dir='ltr'><strong>crescere</strong></span> <span class='ocrx_word' id='word_1_340' title='bbox 1073 3186 1215 3227; x_wconf 92' lang='lat' dir='ltr'><strong>usque</strong></span> <span class='ocrx_word' id='word_1_341' title='bbox 1256 3175 1313 3214; x_wconf 89' lang='lat' dir='ltr'><strong>ad</strong></span> <span class='ocrx_word' id='word_1_342' title='bbox 1359 3186 1566 3223; x_wconf 89' lang='lat' dir='ltr'><strong>messem,</strong></span> <span class='ocrx_word' id='word_1_343' title='bbox 1614 3177 1715 3216; x_wconf 91' lang='lat' dir='ltr'><strong>dicit</strong></span> <span class='ocrx_word' id='word_1_344' title='bbox 1761 3178 1877 3218; x_wconf 89' lang='lat' dir='ltr'><strong>dom.</strong></span> <span class='ocrx_word' id='word_1_345' title='bbox 1926 3183 2075 3219; x_wconf 89' lang='lat' dir='ltr'><strong>noster</strong></span> <span class='ocrx_word' id='word_1_346' title='bbox 2119 3179 2261 3220; x_wconf 91' lang='lat' dir='ltr'><strong>Jesus.</strong></span> 
     </span>
     <span class='ocr_line' id='line_1_43' title="bbox 543 3265 1540 3342; baseline 0.004 -15"><span class='ocrx_word' id='word_1_347' title='bbox 543 3265 569 3327; x_wconf 70' lang='lat' dir='ltr'><strong>i.</strong></span> <span class='ocrx_word' id='word_1_348' title='bbox 604 3287 878 3329; x_wconf 65' lang='lat'>2232—22412</span> <span class='ocrx_word' id='word_1_349' title='bbox 910 3288 1047 3330; x_wconf 89' lang='lat' dir='ltr'><strong>Notae</strong></span> <span class='ocrx_word' id='word_1_350' title='bbox 1078 3292 1222 3330; x_wconf 89' lang='lat' dir='ltr'><strong>variae</strong></span> <span class='ocrx_word' id='word_1_351' title='bbox 1256 3290 1540 3342; x_wconf 89' lang='lat' dir='ltr'><strong>theologicae.</strong></span> 
     </span>
    </p>
   </div>
   <div class='ocr_carea' id='block_1_25' title="bbox 1304 3438 1371 3471">
    <p class='ocr_par' dir='ltr' id='par_1_25' title="bbox 1304 3438 1371 3471">
     <span class='ocr_line' id='line_1_44' title="bbox 1304 3438 1371 3471; baseline 0.015 -1"><span class='ocrx_word' id='word_1_352' title='bbox 1304 3438 1371 3471; x_wconf 85' lang='lat'><strong>276</strong></span> 
     </span>
    </p>
   </div>
  </div>
 </body>
</html>
