2476 3782
2092 250 2152 283 VII

277 386 421 441 Quem
452 386 647 427 codicem
679 388 745 426 vir
773 386 1129 437 diligentissimus
1159 385 1193 425 J.
1219 385 1400 426 Loserth
1431 398 1469 427 a.
1510 386 1618 427 1889
1649 390 1813 427 invenit
1842 391 1884 428 et
1915 389 1997 428 sub
2030 391 2150 430 titulo

278 459 424 498 minus
455 459 570 496 iusto
604 454 718 495 »Der
747 455 899 495 alteste
932 454 1116 507 Katalog
1147 455 1224 495 der
1253 455 1411 507 Prager
1440 454 1995 497 Universitatsbibliothek‹
2032 469 2150 498 sum-

278 528 428 566 matim
459 524 617 578 publici
648 526 753 564 iuris
785 521 951 573 secit.¹¹)
1002 522 1165 565 Codice
1205 524 1289 564 hoc
1320 536 1409 565 non
1441 527 1650 565 contineri
1700 525 1984 566 bibliothecae
2016 530 2149 567 totius

276 595 568 635 universitatis
600 592 831 645 Pragensis
877 593 1139 646 catalogum,
1185 593 1228 633 id
1262 594 1380 646 quod
1413 593 1594 634 Lose1th
1642 597 1802 634 temere
1848 594 2149 643 affirmaverat,

277 666 364 705 iam
395 662 503 704 Rud.
534 661 726 703 Wolkan
768 665 972 715 exposuit
1018 664 1061 712 (l.
1095 674 1132 703 c.
1164 662 1252 712 59),
1295 666 1369 716 qui
1403 666 1549 703 tamen
1581 666 1624 703 in
1659 674 1823 703 novum
1855 675 2042 704 errorem
2075 665 2146 704 de-

277 733 428 784 lapsus
474 735 555 782 est,
601 742 700 772 cum
749 743 904 772 omnes
946 735 988 772 in
1021 732 1221 784 catalogo
1253 731 1518 772 Rudnicensi
1567 735 1798 785 inscriptos
1843 733 1975 773 libros
2020 736 2151 773 unius

276 802 443 854 collegii
473 800 673 842 Nationis
705 802 959 842 bohemicae
991 802 1129 842 fuisse
1162 802 1484 842 declaravisset.
1530 802 1744 855 Equidem
1775 805 1818 842 in
1851 803 2151 854 disquisitione

277 881 411 923 supra
442 874 683 911 memorata
712 875 978 922 argumentis
1010 872 1187 912 edocui:
1222 872 1372 912 codice
1406 871 1671 911 Rudnicensi
1699 875 1906 912 contineri
1929 873 2151 924 catalogos

277 939 406 991 duos,
451 951 637 992 quorum
685 941 803 980 alteri
848 943 1080 993 inscriptos
1127 952 1228 981 esse
1275 941 1408 981 libros
1455 941 1623 992 collegii
1654 940 1850 981 Nationis
1883 941 2150 991 bohemicae,

276 1009 458 1050 alterum
489 1009 678 1049 eundem
710 1012 958 1050 vetustioris
990 1011 1173 1062 catalogi
1205 1021 1306 1050 esse
1337 1010 1639 1062 apographum
1667 1022 1704 1049 a.
1728 1010 1893 1051 circiter
1919 1010 2020 1051 1461
2050 1022 2149 1051 exa-

276 1082 430 1128 ratum,
463 1078 662 1130 catalogo
695 1084 839 1119 autern
874 1082 1012 1131 priore
1045 1081 1179 1120 multo
1202 1082 1440 1132 antiquiore
1462 1080 1768 1120 verisimillime
1791 1083 1999 1120 contineri
2021 1081 2151 1121 libros

274 1147 441 1199 collegii
471 1146 683 1199 Hedvigis
725 1151 912 1200 reginae,
960 1149 1140 1201 collegia
1188 1147 1437 1189 ›Nationis‹
1489 1152 1532 1189 et
1579 1148 1819 1201 »Reginae«
1869 1150 2077 1201 catalogis
2109 1153 2152 1189 in

274 1228 413 1258 unum
458 1218 665 1258 volumen
712 1218 970 1258 coadunatis
1018 1219 1195 1258 dimidio
1242 1230 1358 1259 saec.
1390 1218 1483 1258 XV.
1518 1219 1824 1259 bibliothecam
1871 1230 2152 1259 communem

275 1288 498 1337 habuisse,
531 1299 662 1341 quam
696 1291 955 1328 sententiam
988 1288 1146 1340 pallida
1174 1291 1455 1340 inscriptione
1484 1291 1527 1329 in
1549 1289 1755 1340 operculo
1788 1291 2008 1340 superiore
2045 1287 2150 1328 »Na-

275 1360 404 1398 tionis
425 1357 719 1398 Bohemorum
743 1357 874 1397 studii
895 1357 1125 1409 Pragensis
1157 1360 1360 1409 registra«
1396 1361 1558 1410 optime
1591 1359 1774 1410 probari,
1808 1369 1906 1398 cum
1928 1359 2151 1410 catalogus

273 1428 424 1479 utique
453 1427 799 1479 comprehendat
828 1427 960 1467 libros
993 1428 1249 1468 bohemicae
1279 1431 1481 1477 nationis,
1515 1428 1596 1468 sed
1628 1428 1814 1468 duorum
1846 1428 2044 1468 eiusdem
2068 1429 2152 1468 col-

275 1496 498 1548 legiorum.
559 1496 874 1537 Annotandum
921 1500 1036 1538 enim
1078 1501 1145 1538 est
1176 1498 1422 1549 composito
1454 1498 1565 1537 bello
1598 1498 1798 1546 husitico,
1846 1509 1946 1537 cum
1979 1501 2152 1537 exterae

275 1567 476 1606 nationes
507 1566 768 1606 haereticam
801 1569 1126 1607 universitatem
1158 1568 1548 1618 perhorrescerent,
1584 1570 1733 1607 omnia
1764 1568 2027 1607 scholarium
2065 1568 2152 1607 col-

276 1635 388 1687 legia
421 1633 642 1676 »Nationis
674 1636 953 1676 bohemicae«
987 1637 1120 1688 vulgo
1151 1637 1366 1688 appellata
1396 1648 1508 1677 esse.

273 1771 275 1773 -
377 1751 383 1753 .
420 1715 481 1757 Ut
511 1716 672 1757 docent
717 1718 965 1769 complures
1014 1721 1335 1770 signaturamm
1368 1719 1549 1759 lacunae
1581 1721 1624 1758 in
1656 1718 1854 1774 catalogo
1890 1716 2151 1764 »Nationis‹,

275 1787 360 1827 iam
394 1788 508 1826 circa
538 1798 576 1826 a.
616 1786 716 1827 1461
770 1788 890 1827 multi
936 1787 1027 1828 libri
1073 1789 1174 1828 huic
1221 1788 1507 1828 bibliothecae
1555 1788 1754 1835 deerant;
1801 1788 2153 1828 nihilominusin

271 1853 434 1896 ‘eodem
467 1855 648 1897 Loserth
687 1856 796 1897 1079
827 1858 1004 1897 codices
1037 1861 1318 1899 enumeravit.
1381 1857 1577 1910 Quorum
1611 1869 1772 1909 magna
1807 1868 1908 1909 pars
1939 1859 1983 1897 in
2005 1857 2152 1897 biblio-

278 1926 407 1966 theca
436 1929 588 1966 nostra
619 1926 764 1966 adhuc
796 1931 1048 1967 asservatur
1079 1927 1206 1979 (inter
1226 1929 1334 1968 alios
1356 1930 1689 1979 antiquissimus
1712 1938 1828 1967 saec.
1852 1926 1970 1978 IXsX
1990 1929 2154 1978 integer

274 1986 420 2036 codex
449 1995 567 2045 485),
601 1996 681 2036 sed
714 1999 852 2036 maior
880 2000 1126 2049 temporum
1158 1999 1379 2049 iniquitate
1411 2000 1639 2048 perierunt,
1683 2008 1738 2036 ex
1770 1997 1928 2048 quibus
1960 1998 2152 2047 inprimis

273 2064 454 2105 'codices
486 2065 594 2105 tertii
631 2063 924 2106 »abecedarii«
961 2067 1184 2106 historiam
1217 2069 1398 2118 patriam
1429 2067 1706 2115 illustranteS,
1739 2077 1852 2117 quos
1884 2068 1927 2106 in
1951 2065 2151 2116 disquisi-

271 2137 392 2175 tione
423 2146 524 2175 mea
554 2122 909 2185 commemoravi,
943 2136 1139 2176 dolenter
1169 2136 1481 2176 desiderantur.
1516 2135 1605 2177 Sed
1636 2137 1771 2176 multo
1803 2138 2043 2187 graviorem
2076 2134 2153 2174 lib-

276 2214 422 2244 rorum
467 2200 676 2245 iacturam
738 2204 1016 2246 Lituanorum
1067 2207 1296 2259 collegium
1342 2206 1464 2254 fecit;
1516 2217 1784 2259 quamquam
1832 2208 1946 2245 enim
1992 2205 2153 2257 aliquot

276 2273 371 2314 dies
402 2276 445 2314 in
477 2275 785 2327 comparandis
817 2275 1020 2316 librorum
1054 2278 1148 2316 eius
1190 2277 1321 2316 titulis
1353 2278 1624 2328 consumpsi,
1659 2279 1805 2316 tamen
1838 2275 1951 2314 duos
1984 2278 2151 2314 tantum

277 2345 401 2396 primi
444 2344 735 2384 »abecedarii«
771 2345 944 2385 codices
976 2348 1018 2386 in
1052 2346 1224 2385 libraria
1264 2349 1416 2386 nostra
1446 2349 1563 2386 certo
1595 2348 1753 2397 agnovi
1787 2344 1857 2396 (D,
1881 2343 2082 2385 18:111.
2102 2342 2149 2382 E.·

281 2413 327 2455 11
364 2416 407 2454 et
437 2412 489 2458 D,
509 2413 701 2454 20:V.
721 2415 770 2454 A.
790 2414 849 2464 3).
893 2414 1106 2468 Quamvis
1155 2415 1339 2455 dubitari
1370 2426 1460 2455 non
1491 2418 1643 2467 possit,
1693 2417 1796 2467 quin
1844 2415 1989 2466 plures
2035 2412 2151 2464 apud

273 2470 360 2525 ¹nos
393 2486 625 2536 supersint,
673 2487 820 2524 tamen
867 2488 1097 2537 praecipue
1144 2485 1274 2524 huius
1311 2485 1476 2536 collegii
1517 2485 1662 2534 libros,
1710 2495 1823 2536 quos
1869 2487 1912 2524 in
1954 2483 2151 2533 catalogo

274 2552 459 2599 Loserth
491 2553 574 2594 787
606 2556 888 2600 enumeravit,
909 2555 1146 2606 permultos
1165 2557 1344 2606 periisse
1376 2565 1453 2606 pro
1472 2558 1588 2594 certo
1621 2554 1857 2594 tenendum
1875 2557 1954 2593 est.
1973 2551 2151 2592 Aufere-

277 2622 434 2663 bantur
478 2626 624 2663 autem
666 2625 752 2663 iam
786 2635 901 2664 saec.
934 2623 1014 2663 XV
1045 2625 1177 2669 multi,
1218 2627 1267 2664 ut
1297 2627 1426 2664 notae
1458 2626 1501 2664 in
1533 2625 1732 2675 catalogo
1764 2625 1930 2676 passim
1979 2622 2150 2667 docent,

277 2696 484 2744 quantam
516 2692 719 2733 librorum
738 2704 872 2733 manu
889 2693 1147 2746 scriptorum
1171 2696 1380 2733 incuriam
1398 2695 1637 2745 posteriora
1654 2696 1850 2744 tempora
1871 2691 2150 2738 ostenderint,

278 2761 462 2802 breviter
492 2761 601 2802 infra
632 2762 787 2803 dicam.

421 2842 495 2886 Ex.
520 2846 633 2883 notis
666 2844 928 2896 quibusdam
976 2844 1142 2885 codicis
1174 2844 1478 2893 Rudnicensis,
1526 2854 1637 2896 quae
1683 2843 1739 2882 ad
1772 2839 1988 2883 Reckonis
2025 2843 2149 2882 colle-

277 2914 395 2964 gium
420 2924 467 2953 a.
506 2912 614 2953 1439
646 2915 886 2954 institutum
930 2917 971 2954 et
1011 2914 1076 2954 ad.
1109 2915 1339 2954 ecclesiam
1373 2925 1408 2953 s.
1443 2912 1653 2964 Stephani
1703 2915 1770 2952 »in
1818 2923 1942 2952 muro
1974 2911 2149 2951 Maioris

414 3059 464 3112 11)
494 3064 785 3112 Μίῑῐὴςίἶυηςεῃ
821 3067 857 3103 d.
892 3065 985 3103 Inst.
1021 3066 1044 3102 f.
1079 3067 1215 3104 esterr.
1250 3066 1389 3104 Gesch.
1423 3065 1488 3110 XI,
1525 3065 1765 3102 301—318.
1798 3063 1884 3111 Quo
1907 3064 2150 3101 commodius

278 3119 327 3168 is,
358 3122 423 3169 qui
454 3123 552 3159 haec
583 3123 744 3170 antiqua
774 3125 936 3171 registra
968 3124 1180 3171 aliquando
1214 3124 1362 3170 integra
1393 3124 1566 3160 editurus
1599 3127 1714 3169 esset,
1746 3123 1866 3159 libros
1897 3123 2150 3169 consignatos

280 3189 369 3215 cum
420 3180 622 3217 codicibus
654 3181 798 3218 nostris
831 3182 1002 3218 conferre
1033 3186 1180 3229 posset,
1213 3182 1377 3219 codibus
1410 3181 1502 3218 olim
1534 3181 1786 3218 Clementinis
1829 3181 1996 3227 catalogi
2030 3182 2150 3216 nostri

279 3241 428 3273 veteres
460 3237 697 3284 signaturae,
747 3244 940 3287 quotquot
970 3244 1211 3286 supererant,
1245 3240 1417 3276 adiectae
1449 3245 1554 3278 sunt.
