2476 3782
1103 266 1189 307 404

356 409 385 449 f.
422 405 690 450 18621-—-209b
721 406 931 459 (anepigr.)
972 405 1348 447 Commentarius
1390 403 1438 444 in
1485 387 1694 455 eclogam
1724 403 1999 444 Theoderici
2030 402 2078 442 in

209 465 303 508 fine
334 477 542 507 mancus.
594 464 786 506 »Utilitas
818 466 1005 504 sciencie
1037 467 1105 503 est
1134 465 1345 514 aquisicio
1377 462 1589 502 felicitatis
1623 465 1793 501 eterne«
1830 462 1874 499 ><
1910 472 2072 512 »pupu-

209 528 366 578 gerunt
395 524 452 565 ad
483 527 664 564 mortem
698 529 742 563 et
771 522 825 562 de
857 522 942 562 alta
973 524 1074 561 turri
1106 532 1205 573 pre«
1243 521 1405 572 (cetera
1437 520 1771 568 desiderantur).

350 596 561 644 Asseribus
601 594 773 641 adligata
802 597 893 630 sunt
924 594 1003 629 duo
1034 589 1103 630 fol.
1135 592 1309 636 membr„
1351 602 1518 638 quorum
1559 593 1598 627 in
1629 592 1753 637 primo
1786 592 1902 626 notae
1938 590 2074 626 variae

207 654 341 701 theol„
371 655 412 690 in
443 653 561 690 altero
601 652 858 699 fragmentum
899 651 1173 697 grammaticae
1213 650 1280 687 lat.
1311 649 1554 686 versificatae
1586 659 1690 685 saec.
1723 647 1814 684 XIV
1846 652 2072 685 occurrunt.

210 710 336 749 Vetus
369 713 469 758 sign.
501 711 547 757 D,
578 711 618 748 4.

347 821 463 877 4⁰2
810 821 906 870 III.
946 821 1007 870 A.
1044 821 1125 870 17.
1159 831 1215 873 (Y
1244 831 1293 865 Π.
1317 832 1349 864 4.
1374 841 1409 865 n.
1436 831 1507 872 17.)

208 916 352 958 chart.
381 927 498 957 saec.
529 914 621 956 XV
644 915 695 969 ff.
725 914 825 964 265,
854 915 908 955 31
931 913 968 956 ><
988 914 1041 955 21
1076 926 1159 954 cm.
1191 914 1215 954 1
1250 926 1309 954 m.

364 995 603 1038 Wilhelmi
641 995 922 1036 Parisiensis
964 995 1256 1048 (Sermones)
1303 1005 1445 1046 super
1486 994 1726 1046 evangelia
1767 993 2076 1035 dominicalia.

207 1053 303 1099 (Hic
343 1055 491 1095 titulus
531 1057 716 1094 occurrit
755 1057 798 1094 in
839 1053 911 1094 fol.
953 1054 1200 1106 praeligato,
1242 1056 1285 1092 in
1326 1052 1413 1092 fine
1445 1056 1591 1092 autem
1624 1056 1693 1092 est
1722 1053 1832 1092 haec
1864 1052 2077 1100 rubrica:)

211 1111 420 1164 »Explicit
448 1111 750 1165 Pharisyensis
783 1114 883 1161 (sic)
916 1123 1048 1163 super
1078 1113 1305 1162 evangelia
1330 1111 1606 1151 dominicalia
1637 1122 1714 1162 per
1744 1110 1951 1150 circulum
1975 1112 2077 1150 anni

207 1172 393 1222 scriptus
425 1181 501 1222 per
528 1169 862 1211 Wenceslaum
889 1169 1078 1210 Henrici
1110 1171 1166 1210 de
1195 1168 1439 1209 Bukowan
1471 1172 1513 1208 et
1543 1172 1725 1208 cetera.‹

348 1241 506 1290 Utrique
547 1244 669 1279 asseri
709 1243 953 1288 adglutinata
993 1246 1085 1278 sunt
1116 1242 1237 1278 chart.
1270 1241 1486 1288 fragmenta
1516 1251 1778 1288 expensorum
1824 1240 2070 1287 quorundam

204 1299 342 1348 lingua
370 1302 594 1347 germanica
623 1300 946 1355 conscriptorum.

343 1410 460 1466 403
727 1408 729 1410 ’
810 1412 906 1462 III.
945 1413 1006 1462 A.
1045 1412 1127 1462 18.
1159 1423 1219 1465 (Y.
1245 1422 1292 1456 Π.
1317 1423 1349 1456 4.
1375 1433 1409 1456 n.
1437 1424 1506 1464 18.)

204 1505 350 1547 chart.
380 1517 496 1546 saec.
529 1503 622 1546 XV
630 1505 694 1560 ff
723 1506 823 1555 303,
853 1507 908 1548 31
929 1506 1042 1547 ><21
1076 1518 1159 1547 cm.
1191 1508 1215 1547 1
1249 1519 1308 1547 m.

349 1586 376 1628 f.
424 1585 612 1628 1—3OOb
657 1586 842 1629 Nicolai
886 1587 941 1628 de
986 1587 1110 1639 Lyra
1153 1587 1349 1629 Postilla
1389 1599 1530 1640 super
1576 1590 1775 1639 quatuor
1822 1586 2077 1638 evangelia.

209 1644 439 1699 ›(Q)uat01·
467 1645 603 1686 facies
634 1649 734 1686 uni«
771 1646 815 1685 ><
850 1645 1059 1697 »Explicit
1089 1648 1260 1698 postilla
1291 1658 1424 1698 super
1454 1646 1700 1686 Johannem
1733 1646 1848 1686 edita
1878 1657 1905 1685 a
1935 1645 1983 1685 fr.
2007 1643 2078 1684 Ni—

207 1704 332 1744 colao
364 1703 418 1744 de
449 1703 546 1743 Lira
576 1703 630 1743 de
662 1703 754 1744 ord.
786 1703 879 1744 frat.
913 1707 1168 1744 minorum«

347 1772 374 1814 f.
407 1770 688 1813 30112—-3032
731 1773 849 1825 Mag.
890 1774 1124 1815 Johannis
1165 1774 1220 1815 de
1251 1771 1459 1815 Pfibram
1489 1774 1818 1826 Fragmentum
1847 1775 2076 1814 tractatus

204 1830 261 1872 de
292 1830 504 1872 ecclesia.
564 1831 857 1883 ›Explanacio
889 1835 1179 1872 auctoritatis:
1222 1835 1447 1885 evangelio
1489 1844 1577 1873 non
1611 1832 1846 1872 crederem.
1895 1830 2075 1883 Quinto-

207 1889 378 1929 decimo
409 1892 602 1941 arguitur
628 1901 704 1941 per
734 1893 1033 1930 auctoritatem
1066 1891 1260 1935 ecclesie,
1294 1903 1378 1943 que
1411 1895 1479 1931 est
1500 1894 1638 1931 maior
1658 1893 1911 1930 auctoritate
1934 1901 2070 1941 pape«

205 1948 248 1985 ><
283 1945 400 1987 »Hec
431 1958 544 1999 mag.
576 1947 801 1988 Johannes
833 1948 1022 1988 Pribram
1064 1951 1107 1988 in
1150 1953 1332 1989 tractatu
1364 1960 1447 1989 suo
1479 1949 1535 1989 ad
1567 1951 1870 2000 argumentum
1902 1946 1982 1987 XV
2013 1958 2075 1986 re-

204 2004 466 2057 spondendo
509 2005 563 2045 de
603 2009 858 2046 auctoritate
899 2007 1122 2047 ecclesie«
1158 2007 1245 2055 (An
1286 2011 1391 2048 nota
1421 2020 1447 2047 a
1479 2007 1802 2047 bibliothecario
1835 2005 1879 2046 S.
1912 2005 1946 2044 J.
1981 2004 2075 2047 Cle-

204 2066 357 2115 ment„
378 2063 583 2115 operculo
629 2075 773 2116 super.
807 2067 1013 2116 inscripta
1049 2064 1381 2116 »Fragmentum
1414 2066 1625 2105 ecclesiae
1656 2063 1713 2105 M.
1747 2063 1843 2104 Joh.
1877 2064 1930 2103 de
1964 2063 2075 2103 Przi-

203 2115 325 2160 bra'm
357 2119 426 2161 θεῖ
455 2124 704 2161 excissum«
739 2121 883 2162 referri
916 2123 1073 2162 debeat
1103 2123 1159 2163 ad
1190 2122 1291 2163 folia
1323 2124 1473 2163 ultima
1503 2123 1667 2163 codicis
1699 2124 1860 2170 excisa,
1894 2120 2074 2162 dubium

203 2181 304 2228 est.)

324 2291 464 2346 ,404
811 2295 908 2344 III.
946 2295 1007 2346 A.
1044 2293 1126 2344 19.
1159 2305 1218 2349 (Y.
1243 2307 1271 2340 Ι.
1296 2307 1330 2340 3.
1356 2317 1389 2341 n.
1418 2308 1488 2351 19.)

205 2385 349 2428 chart.
380 2397 496 2428 saec.
528 2387 624 2428 XV
630 2388 692 2442 ff
723 2388 822 2438 281,
851 2389 906 2430 31
926 2390 1043 2430 ><22
1073 2400 1156 2430 cm.
1188 2390 1212 2430 1
1247 2401 1306 2430 m.

347 2466 374 2507 f.
413 2467 544 2510 1-8“ι
575 2469 785 2522 (anepigr.)
826 2469 1073 2521 Expositio
1114 2471 1358 2512 decretalis
1405 2470 1643 2512 »Firmiter
1674 2470 1931 2511 credimus«
1968 2480 2074 2509 cum

202 2524 417 2576 registro.
449 2525 495 2576 (f.
533 2526 599 2567 1³:
636 2527 762 2567 »finis
794 2530 966 2580 capituli
998 2532 1121 2581 primi
1154 2530 1245 2570 libri
1278 2530 1570 2577 decretalium,
1604 2539 1736 2580 super
1758 2539 1845 2580 quo
1868 2531 1947 2567 iste
1971 2528 2076 2566 liber

203 2582 347 2623 totalis
387 2587 455 2624 est
503 2586 823 2637 compilatus‹.)
868 2586 1085 2628 »Firmiter
1124 2589 1367 2628 credimus«
1413 2589 1457 2626 ><
1501 2587 1666 2639 »Apok
1699 2587 1760 2628 lla
1796 2586 1830 2625 l.
1861 2585 1957 2625 Thi.
1990 2584 2071 2632 Vb,

205 2639 341 2681 et‘sic
372 2645 440 2682 est
468 2642 568 2683 finis
599 2646 806 2695 registris

348 2709 373 2750 f.
406 2707 565 2751 8¹³²—9b
605 2711 784 2752 Errores
827 2713 1095 2755 diversarum
1137 2715 1382 2755 haeresum.
1429 2714 1570 2755 »Finis
1613 2726 1805 2755 errorum
1839 2715 1922 2753 sub
1954 2725 2072 2753 com-

204 2767 363 2819 pendio
395 2779 717 2820 expressorum,
751 2771 804 2810 de
837 2771 996 2823 quibus
1028 2773 1182 2813 melius
1214 2775 1255 2812 in
1289 2784 1464 2813 summa
1486 2776 1683 2826 sequenti
1706 2771 2068 2825 pertractabitur.‹

347 2835 375 2877 f.
413 2836 651 2878 102—255b
686 2839 861 2892 »Incipit
885 2839 1126 2882 Tractatus
1148 2841 1255 2882 fidei
1286 2845 1450 2883 contra
1481 2842 1694 2883 diversos
1727 2852 1909 2882 errores
1931 2851 2075 2892 super

202 2893 392 2934 titulum
422 2894 478 2935 de
509 2906 546 2936 s.
577 2895 784 2938 trinitate
816 2902 862 2939 et
891 2898 982 2940 fide
1013 2900 1242 2941 catholica
1272 2900 1320 2940 in
1351 2900 1675 2941 decretalibus.
1709 2899 1927 2952 Quoniam
1959 2899 2071 2940 fides

204 2955 274 2992 est
304 2954 436 2992 totius
469 2955 699 3004 spiritualis
731 2956 886 2996 edificii
916 2957 1276 2998 fundamentum«
1311 2981 1368 2986 -—
1399 2958 1426 2998 f.
1464 2959 1538 2998 14a
1573 2957 1800 3011 »Sequens
1832 2969 1945 3009 opus
1968 2958 2071 2997 divi-

203 3009 316 3049 ditur
345 3012 388 3049 in
418 3013 505 3050 tres
545 3016 701 3063 partes.
731 3013 777 3054 In
809 3017 946 3066 prima
976 3018 1115 3067 agitur
1146 3016 1199 3055 de
1231 3017 1327 3065 hiis,
1361 3027 1446 3067 que
1479 3020 1677 3056 tenemur
1707 3016 1881 3056 credere
1914 3015 1968 3055 de
2011 3015 2071 3054 di-

202 3069 390 3115 vinitate,
432 3070 475 3108 in
518 3070 715 3110 secunda
747 3071 800 3111 de
833 3073 928 3122 hiis,
962 3084 1045 3126 que
1079 3077 1276 3113 tenemur
1306 3071 1480 3113 credere
1514 3074 1567 3114 de
1599 3075 1866 3119 humanitate
1898 3072 2072 3120 Christi,

203 3125 359 3165 abinde
391 3136 532 3177 usque
563 3127 620 3167 ad
650 3127 783 3169 finem
809 3162 818 3171 .
846 3161 854 3170 .
882 3163 891 3171 .
917 3130 970 3170 de
1003 3134 1288 3171 sacramentis
1307 3135 1348 3171 et
1369 3133 1462 3171 aliis
1485 3135 1744 3172 necessariis
1767 3132 1822 3177 ad
1841 3132 2065 3171 salutem«

203 3184 247 3221 ><
282 3182 491 3292 {Essplicit
531 3187 660 3225 tercia
701 3198 802 3238 pars
845 3187 898 3227 de
946 3192 1270 3229 sacramentis«
1319 3188 1463 3241 (Opus
1504 3194 1571 3230 est
1601 3189 1839 3230 Benedicti
1870 3188 2069 3230 Massili-

203 3251 346 3281 ensis.

1105 3395 1167 3427 157
