<?xml version="1.0" encoding="UTF-8"?>
<!DOCTYPE html PUBLIC "-//W3C//DTD XHTML 1.0 Transitional//EN"
    "http://www.w3.org/TR/xhtml1/DTD/xhtml1-transitional.dtd">
<html xmlns="http://www.w3.org/1999/xhtml" xml:lang="en" lang="en">
 <head>
  <title>
</title>
<meta http-equiv="Content-Type" content="text/html;charset=utf-8" />
  <meta name='ocr-system' content='tesseract 3.04.00' />
  <meta name='ocr-capabilities' content='ocr_page ocr_carea ocr_par ocr_line ocrx_word'/>
</head>
<body>
  <div class='ocr_page' id='page_1' title='image "./cataloguscodicum01praguoft_0032.png"; bbox 0 0 2476 3782; ppageno 0'>
   <div class='ocr_carea' id='block_1_1' title="bbox 1242 345 1298 384">
    <p class='ocr_par' dir='ltr' id='par_1_1' title="bbox 1242 345 1298 384">
     <span class='ocr_line' id='line_1_1' title="bbox 1242 345 1298 384; baseline 0 0"><span class='ocrx_word' id='word_1_1' title='bbox 1242 345 1298 384; x_wconf 78' lang='lat'><strong>32</strong></span> 
     </span>
    </p>
   </div>
   <div class='ocr_carea' id='block_1_2' title="bbox 478 479 1403 533">
    <p class='ocr_par' dir='ltr' id='par_1_2' title="bbox 478 479 1403 533">
     <span class='ocr_line' id='line_1_2' title="bbox 478 479 1403 533; baseline 0.001 -2"><span class='ocrx_word' id='word_1_2' title='bbox 478 479 548 532; x_wconf 88' lang='grc'><strong>32</strong></span> <span class='ocrx_word' id='word_1_3' title='bbox 1149 482 1187 531; x_wconf 92' lang='lat' dir='ltr'><strong>I.</strong></span> <span class='ocrx_word' id='word_1_4' title='bbox 1225 482 1286 532; x_wconf 89' lang='lat' dir='ltr'><strong>A.</strong></span> <span class='ocrx_word' id='word_1_5' title='bbox 1323 483 1403 533; x_wconf 83' lang='grc'><strong>24.</strong></span> 
     </span>
    </p>
   </div>
   <div class='ocr_carea' id='block_1_3' title="bbox 339 572 2205 764">
    <p class='ocr_par' dir='ltr' id='par_1_3' title="bbox 339 572 2205 764">
     <span class='ocr_line' id='line_1_3' title="bbox 339 572 1981 630; baseline 0.002 -18"><span class='ocrx_word' id='word_1_6' title='bbox 339 572 482 614; x_wconf 87' lang='lat' dir='ltr'><em>chart.</em></span> <span class='ocrx_word' id='word_1_7' title='bbox 516 575 694 625; x_wconf 79' lang='lat' dir='ltr'><em>autogr.</em></span> <span class='ocrx_word' id='word_1_8' title='bbox 726 584 839 614; x_wconf 84' lang='lat' dir='ltr'><strong>saec.</strong></span> <span class='ocrx_word' id='word_1_9' title='bbox 872 573 1038 615; x_wconf 92' lang='lat' dir='ltr'><em>XVIII</em></span> <span class='ocrx_word' id='word_1_10' title='bbox 1063 576 1185 626; x_wconf 79' lang='lat' dir='ltr'><strong>(ante</strong></span> <span class='ocrx_word' id='word_1_11' title='bbox 1215 587 1260 616; x_wconf 85' lang='lat' dir='ltr'><strong>a.</strong></span> <span class='ocrx_word' id='word_1_12' title='bbox 1293 577 1424 625; x_wconf 85' lang='lat'><strong><em>1751)</em></strong></span> <span class='ocrx_word' id='word_1_13' title='bbox 1448 576 1502 630; x_wconf 88' lang='lat' dir='ltr'><strong>ff.</strong></span> <span class='ocrx_word' id='word_1_14' title='bbox 1533 577 1634 626; x_wconf 85' lang='lat'><em>379,</em></span> <span class='ocrx_word' id='word_1_15' title='bbox 1663 577 1724 617; x_wconf 86' lang='lat'><strong>35</strong></span> <span class='ocrx_word' id='word_1_16' title='bbox 1740 577 1865 628; x_wconf 82' lang='lat'><em>&gt;&lt;22</em></span> <span class='ocrx_word' id='word_1_17' title='bbox 1896 588 1981 616; x_wconf 88' lang='lat' dir='ltr'><strong>cm.</strong></span> 
     </span>
     <span class='ocr_line' id='line_1_4' title="bbox 481 653 2205 709; baseline 0.003 -16"><span class='ocrx_word' id='word_1_18' title='bbox 481 653 888 705; x_wconf 79' lang='lat' dir='ltr'><strong>»Fragmentorum</strong></span> <span class='ocrx_word' id='word_1_19' title='bbox 929 654 1202 707; x_wconf 87' lang='lat' dir='ltr'><strong>Sapientum</strong></span> <span class='ocrx_word' id='word_1_20' title='bbox 1247 657 1374 698; x_wconf 89' lang='lat' dir='ltr'><strong>Tom.</strong></span> <span class='ocrx_word' id='word_1_21' title='bbox 1418 657 1493 697; x_wconf 76' lang='lat' dir='ltr'>II¹¹⁸</span> <span class='ocrx_word' id='word_1_22' title='bbox 1538 657 1702 697; x_wconf 83' lang='lat' dir='ltr'>M-Z«</span> <span class='ocrx_word' id='word_1_23' title='bbox 1753 656 1947 709; x_wconf 87' lang='lat' dir='ltr'><strong>(auctore</strong></span> <span class='ocrx_word' id='word_1_24' title='bbox 1997 656 2205 708; x_wconf 86' lang='lat' dir='ltr'><strong>Josepho</strong></span> 
     </span>
     <span class='ocr_line' id='line_1_5' title="bbox 340 709 807 764; baseline 0.004 -14"><span class='ocrx_word' id='word_1_25' title='bbox 340 712 534 752; x_wconf 83' lang='lat' dir='ltr'><strong>Ernesto</strong></span> <span class='ocrx_word' id='word_1_26' title='bbox 564 709 807 764; x_wconf 85' lang='lat' dir='ltr'><strong>Barisien).</strong></span> 
     </span>
    </p>
   </div>
   <div class='ocr_carea' id='block_1_4' title="bbox 340 782 2204 890">
    <p class='ocr_par' dir='ltr' id='par_1_4' title="bbox 340 782 2204 890">
     <span class='ocr_line' id='line_1_6' title="bbox 477 782 2204 833; baseline 0.002 -15"><span class='ocrx_word' id='word_1_27' title='bbox 477 782 586 819; x_wconf 89' lang='lat' dir='ltr'><strong>Tom.</strong></span> <span class='ocrx_word' id='word_1_28' title='bbox 618 783 634 819; x_wconf 97' lang='grc' dir='ltr'>Ι</span> <span class='ocrx_word' id='word_1_29' title='bbox 665 786 876 820; x_wconf 84' lang='lat' dir='ltr'><strong>eorundem</strong></span> <span class='ocrx_word' id='word_1_30' title='bbox 907 784 1226 831; x_wconf 86' lang='lat' dir='ltr'><strong>Fragmentorum</strong></span> <span class='ocrx_word' id='word_1_31' title='bbox 1256 796 1304 822; x_wconf 89' lang='lat' dir='ltr'><strong>v:</strong></span> <span class='ocrx_word' id='word_1_32' title='bbox 1336 785 1420 822; x_wconf 91' lang='lat' dir='ltr'>VII.</span> <span class='ocrx_word' id='word_1_33' title='bbox 1453 786 1496 822; x_wconf 90' lang='lat' dir='ltr'><strong>B.</strong></span> <span class='ocrx_word' id='word_1_34' title='bbox 1529 786 1568 822; x_wconf 88' lang='lat'><strong>4.</strong></span> <span class='ocrx_word' id='word_1_35' title='bbox 1602 785 1880 832; x_wconf 89' lang='lat' dir='ltr'><strong>Supplementa</strong></span> <span class='ocrx_word' id='word_1_36' title='bbox 1910 786 2061 833; x_wconf 82' lang='lat' dir='ltr'><strong>Fragm.</strong></span> <span class='ocrx_word' id='word_1_37' title='bbox 2094 797 2143 822; x_wconf 79' lang='lat' dir='ltr'><strong>V.</strong></span> <span class='ocrx_word' id='word_1_38' title='bbox 2176 785 2204 822; x_wconf 93' lang='lat' dir='ltr'><strong>I.</strong></span> 
     </span>
     <span class='ocr_line' id='line_1_7' title="bbox 340 840 2204 890; baseline 0.002 -14"><span class='ocrx_word' id='word_1_39' title='bbox 340 840 387 877; x_wconf 90' lang='lat' dir='ltr'><strong>A.</strong></span> <span class='ocrx_word' id='word_1_40' title='bbox 427 841 474 876; x_wconf 87' lang='lat'><strong>16</strong></span> <span class='ocrx_word' id='word_1_41' title='bbox 507 841 560 886; x_wconf 86' lang='lat' dir='ltr'><strong>(a,</strong></span> <span class='ocrx_word' id='word_1_42' title='bbox 594 842 630 886; x_wconf 88' lang='lat' dir='ltr'><strong>b,</strong></span> <span class='ocrx_word' id='word_1_43' title='bbox 663 842 702 887; x_wconf 89' lang='lat' dir='ltr'><strong>c)</strong></span> <span class='ocrx_word' id='word_1_44' title='bbox 743 842 803 877; x_wconf 90' lang='lat' dir='ltr'><strong>Ab</strong></span> <span class='ocrx_word' id='word_1_45' title='bbox 837 846 994 878; x_wconf 85' lang='lat' dir='ltr'><strong>auctore</strong></span> <span class='ocrx_word' id='word_1_46' title='bbox 1035 845 1126 879; x_wconf 91' lang='lat' dir='ltr'><strong>don.</strong></span> <span class='ocrx_word' id='word_1_47' title='bbox 1160 854 1193 880; x_wconf 88' lang='lat' dir='ltr'><strong>a.</strong></span> <span class='ocrx_word' id='word_1_48' title='bbox 1233 844 1340 880; x_wconf 88' lang='grc'><strong>1766</strong></span> <span class='ocrx_word' id='word_1_49' title='bbox 1384 843 1476 880; x_wconf 86' lang='lat' dir='ltr'><strong>bibl.</strong></span> <span class='ocrx_word' id='word_1_50' title='bbox 1520 843 1673 889; x_wconf 90' lang='lat' dir='ltr'><strong>collegii</strong></span> <span class='ocrx_word' id='word_1_51' title='bbox 1706 842 1746 880; x_wconf 90' lang='lat' dir='ltr'><strong>S.</strong></span> <span class='ocrx_word' id='word_1_52' title='bbox 1778 843 1812 879; x_wconf 88' lang='lat' dir='ltr'><strong>J.</strong></span> <span class='ocrx_word' id='word_1_53' title='bbox 1846 845 1894 880; x_wconf 89' lang='lat' dir='ltr'><strong>ad</strong></span> <span class='ocrx_word' id='word_1_54' title='bbox 1927 843 1966 882; x_wconf 89' lang='lat' dir='ltr'><strong>S.</strong></span> <span class='ocrx_word' id='word_1_55' title='bbox 1998 844 2204 890; x_wconf 85' lang='lat' dir='ltr'><strong>Ignatium.</strong></span> 
     </span>
    </p>
   </div>
   <div class='ocr_carea' id='block_1_5' title="bbox 343 951 1468 1101">
    <p class='ocr_par' dir='ltr' id='par_1_5' title="bbox 343 951 1468 1101">
     <span class='ocr_line' id='line_1_8' title="bbox 479 951 1399 1005; baseline 0.001 -1"><span class='ocrx_word' id='word_1_56' title='bbox 479 951 552 1005; x_wconf 88' lang='grc'><strong>33</strong></span> <span class='ocrx_word' id='word_1_57' title='bbox 1143 954 1182 1004; x_wconf 85' lang='grc' dir='ltr'><strong>Ι.</strong></span> <span class='ocrx_word' id='word_1_58' title='bbox 1218 954 1279 1004; x_wconf 90' lang='grc' dir='ltr'><strong>Α.</strong></span> <span class='ocrx_word' id='word_1_59' title='bbox 1317 955 1399 1005; x_wconf 85' lang='grc'><strong>25.</strong></span> 
     </span>
     <span class='ocr_line' id='line_1_9' title="bbox 343 1044 1468 1101; baseline 0.004 -17"><span class='ocrx_word' id='word_1_60' title='bbox 343 1044 485 1085; x_wconf 82' lang='lat' dir='ltr'><strong>chart.</strong></span> <span class='ocrx_word' id='word_1_61' title='bbox 519 1048 698 1098; x_wconf 84' lang='lat' dir='ltr'><strong><em>autogr.</em></strong></span> <span class='ocrx_word' id='word_1_62' title='bbox 731 1058 774 1086; x_wconf 85' lang='lat' dir='ltr'><strong>a.</strong></span> <span class='ocrx_word' id='word_1_63' title='bbox 806 1047 924 1087; x_wconf 85' lang='lat'><em>1735</em></span> <span class='ocrx_word' id='word_1_64' title='bbox 934 1047 996 1101; x_wconf 82' lang='lat' dir='ltr'><em>ff</em></span> <span class='ocrx_word' id='word_1_65' title='bbox 1026 1047 1124 1096; x_wconf 80' lang='lat'><strong>370,</strong></span> <span class='ocrx_word' id='word_1_66' title='bbox 1155 1048 1352 1099; x_wconf 83' lang='lat'><em>33&gt;&lt;21</em></span> <span class='ocrx_word' id='word_1_67' title='bbox 1386 1059 1468 1088; x_wconf 86' lang='lat' dir='ltr'><strong>cm.</strong></span> 
     </span>
    </p>
   </div>
   <div class='ocr_carea' id='block_1_6' title="bbox 341 1126 2205 1296">
    <p class='ocr_par' dir='ltr' id='par_1_6' title="bbox 341 1126 2205 1296">
     <span class='ocr_line' id='line_1_10' title="bbox 485 1126 2205 1181; baseline 0.002 -15"><span class='ocrx_word' id='word_1_68' title='bbox 485 1126 928 1178; x_wconf 84' lang='lat' dir='ltr'><strong>»Haeresiographia</strong></span> <span class='ocrx_word' id='word_1_69' title='bbox 974 1140 1053 1168; x_wconf 90' lang='lat' dir='ltr'><strong>seu</strong></span> <span class='ocrx_word' id='word_1_70' title='bbox 1085 1128 1368 1180; x_wconf 87' lang='lat' dir='ltr'><strong>Consignatio</strong></span> <span class='ocrx_word' id='word_1_71' title='bbox 1411 1128 1668 1178; x_wconf 83' lang='lat' dir='ltr'><strong>Haeresum,</strong></span> <span class='ocrx_word' id='word_1_72' title='bbox 1711 1141 1822 1180; x_wconf 91' lang='lat' dir='ltr'><strong>quae</strong></span> <span class='ocrx_word' id='word_1_73' title='bbox 1869 1142 1895 1169; x_wconf 91' lang='lat' dir='ltr'><strong>a</strong></span> <span class='ocrx_word' id='word_1_74' title='bbox 1939 1133 2205 1181; x_wconf 80' lang='lat' dir='ltr'>reparatione</span> 
     </span>
     <span class='ocr_line' id='line_1_11' title="bbox 341 1184 2204 1237; baseline 0.003 -15"><span class='ocrx_word' id='word_1_75' title='bbox 341 1184 489 1223; x_wconf 91' lang='lat' dir='ltr'><strong>mundi</strong></span> <span class='ocrx_word' id='word_1_76' title='bbox 522 1184 577 1223; x_wconf 92' lang='lat' dir='ltr'><strong>ad</strong></span> <span class='ocrx_word' id='word_1_77' title='bbox 609 1189 758 1225; x_wconf 88' lang='lat' dir='ltr'><strong>nostra</strong></span> <span class='ocrx_word' id='word_1_78' title='bbox 798 1196 938 1236; x_wconf 87' lang='lat' dir='ltr'><strong>usque</strong></span> <span class='ocrx_word' id='word_1_79' title='bbox 983 1190 1177 1237; x_wconf 90' lang='lat' dir='ltr'><strong>tempora</strong></span> <span class='ocrx_word' id='word_1_80' title='bbox 1196 1189 1533 1226; x_wconf 82' lang='lat' dir='ltr'><strong>insurrexerunt</strong></span> <span class='ocrx_word' id='word_1_81' title='bbox 1557 1218 1566 1226; x_wconf 93' lang='lat'><strong>.</strong></span> <span class='ocrx_word' id='word_1_82' title='bbox 1615 1217 1623 1225; x_wconf 91' lang='lat'><strong>.</strong></span> <span class='ocrx_word' id='word_1_83' title='bbox 1673 1219 1681 1226; x_wconf 93' lang='lat'><strong>.</strong></span> <span class='ocrx_word' id='word_1_84' title='bbox 1707 1188 1886 1227; x_wconf 86' lang='lat' dir='ltr'><strong>collecta</strong></span> <span class='ocrx_word' id='word_1_85' title='bbox 1917 1192 1959 1227; x_wconf 91' lang='lat' dir='ltr'><strong>et</strong></span> <span class='ocrx_word' id='word_1_86' title='bbox 1987 1188 2044 1227; x_wconf 85' lang='lat' dir='ltr'><strong>ad</strong></span> <span class='ocrx_word' id='word_1_87' title='bbox 2075 1199 2204 1228; x_wconf 91' lang='lat' dir='ltr'><strong>usum</strong></span> 
     </span>
     <span class='ocr_line' id='line_1_12' title="bbox 341 1242 2199 1296; baseline 0.003 -16"><span class='ocrx_word' id='word_1_88' title='bbox 341 1244 558 1292; x_wconf 90' lang='lat' dir='ltr'><strong>proprium</strong></span> <span class='ocrx_word' id='word_1_89' title='bbox 599 1246 856 1294; x_wconf 88' lang='lat' dir='ltr'><strong>consignata</strong></span> <span class='ocrx_word' id='word_1_90' title='bbox 896 1255 922 1282; x_wconf 88' lang='lat' dir='ltr'><strong>a</strong></span> <span class='ocrx_word' id='word_1_91' title='bbox 954 1244 996 1284; x_wconf 90' lang='lat' dir='ltr'><strong>P.</strong></span> <span class='ocrx_word' id='word_1_92' title='bbox 1028 1244 1063 1284; x_wconf 91' lang='lat' dir='ltr'><strong>J.</strong></span> <span class='ocrx_word' id='word_1_93' title='bbox 1096 1244 1144 1284; x_wconf 91' lang='lat' dir='ltr'><strong>E.</strong></span> <span class='ocrx_word' id='word_1_94' title='bbox 1178 1244 1224 1284; x_wconf 90' lang='lat' dir='ltr'><strong>B.</strong></span> <span class='ocrx_word' id='word_1_95' title='bbox 1267 1244 1492 1296; x_wconf 83' lang='lat' dir='ltr'><strong>(Josepho</strong></span> <span class='ocrx_word' id='word_1_96' title='bbox 1533 1243 1733 1285; x_wconf 87' lang='lat' dir='ltr'><strong>Ernesto</strong></span> <span class='ocrx_word' id='word_1_97' title='bbox 1773 1242 2015 1296; x_wconf 86' lang='lat' dir='ltr'><strong>Barisien).</strong></span> <span class='ocrx_word' id='word_1_98' title='bbox 2053 1245 2199 1286; x_wconf 64' lang='lat'><strong>1735«</strong></span> 
     </span>
    </p>
   </div>
   <div class='ocr_carea' id='block_1_7' title="bbox 341 1312 2207 1419">
    <p class='ocr_par' dir='ltr' id='par_1_7' title="bbox 341 1312 2207 1419">
     <span class='ocr_line' id='line_1_13' title="bbox 477 1312 2207 1362; baseline 0.003 -14"><span class='ocrx_word' id='word_1_99' title='bbox 477 1312 535 1348; x_wconf 85' lang='lat' dir='ltr'><strong>Ex</strong></span> <span class='ocrx_word' id='word_1_100' title='bbox 567 1314 832 1349; x_wconf 85' lang='lat' dir='ltr'><strong>munificentia</strong></span> <span class='ocrx_word' id='word_1_101' title='bbox 874 1314 922 1351; x_wconf 91' lang='lat' dir='ltr'><strong>V.</strong></span> <span class='ocrx_word' id='word_1_102' title='bbox 954 1315 999 1351; x_wconf 94' lang='lat' dir='ltr'><strong>D.</strong></span> <span class='ocrx_word' id='word_1_103' title='bbox 1033 1315 1115 1352; x_wconf 90' lang='lat' dir='ltr'><strong>Jos.</strong></span> <span class='ocrx_word' id='word_1_104' title='bbox 1147 1315 1335 1360; x_wconf 88' lang='lat' dir='ltr'><strong>Barisien,</strong></span> <span class='ocrx_word' id='word_1_105' title='bbox 1382 1317 1596 1362; x_wconf 87' lang='lat' dir='ltr'><strong>presbyteri</strong></span> <span class='ocrx_word' id='word_1_106' title='bbox 1628 1316 1767 1352; x_wconf 87' lang='lat' dir='ltr'><strong>eccles.</strong></span> <span class='ocrx_word' id='word_1_107' title='bbox 1801 1317 2025 1357; x_wconf 75' lang='lat' dir='ltr'>benemeriti</span> <span class='ocrx_word' id='word_1_108' title='bbox 2066 1317 2207 1353; x_wconf 90' lang='lat' dir='ltr'><strong>biblio-</strong></span> 
     </span>
     <span class='ocr_line' id='line_1_14' title="bbox 341 1369 1908 1419; baseline 0.004 -14"><span class='ocrx_word' id='word_1_109' title='bbox 341 1369 502 1406; x_wconf 80' lang='lat' dir='ltr'><strong>thecarii</strong></span> <span class='ocrx_word' id='word_1_110' title='bbox 536 1370 580 1407; x_wconf 91' lang='lat' dir='ltr'><strong>C.</strong></span> <span class='ocrx_word' id='word_1_111' title='bbox 612 1371 652 1408; x_wconf 90' lang='lat' dir='ltr'><strong>P.</strong></span> <span class='ocrx_word' id='word_1_112' title='bbox 686 1372 967 1419; x_wconf 85' lang='lat' dir='ltr'><strong>archiepiscopi</strong></span> <span class='ocrx_word' id='word_1_113' title='bbox 1000 1373 1165 1419; x_wconf 88' lang='lat' dir='ltr'><strong>collegio</strong></span> <span class='ocrx_word' id='word_1_114' title='bbox 1199 1373 1238 1409; x_wconf 88' lang='lat' dir='ltr'><strong>S.</strong></span> <span class='ocrx_word' id='word_1_115' title='bbox 1271 1373 1303 1410; x_wconf 88' lang='lat' dir='ltr'><strong>J.</strong></span> <span class='ocrx_word' id='word_1_116' title='bbox 1337 1373 1548 1419; x_wconf 88' lang='lat' dir='ltr'><strong>Neo-Prag.</strong></span> <span class='ocrx_word' id='word_1_117' title='bbox 1581 1375 1751 1410; x_wconf 87' lang='lat' dir='ltr'><strong>donatus</strong></span> <span class='ocrx_word' id='word_1_118' title='bbox 1788 1375 1908 1411; x_wconf 80' lang='lat'><strong>1771.</strong></span> 
     </span>
    </p>
   </div>
   <div class='ocr_carea' id='block_1_8' title="bbox 480 1481 1400 1535">
    <p class='ocr_par' dir='ltr' id='par_1_8' title="bbox 480 1481 1400 1535">
     <span class='ocr_line' id='line_1_15' title="bbox 480 1481 1400 1535; baseline 0.001 -1"><span class='ocrx_word' id='word_1_119' title='bbox 480 1481 558 1534; x_wconf 90' lang='grc'><strong>34</strong></span> <span class='ocrx_word' id='word_1_120' title='bbox 594 1482 666 1534; x_wconf 91' lang='grc'><strong>35</strong></span> <span class='ocrx_word' id='word_1_121' title='bbox 1141 1484 1179 1534; x_wconf 93' lang='lat' dir='ltr'><strong>I.</strong></span> <span class='ocrx_word' id='word_1_122' title='bbox 1218 1485 1281 1535; x_wconf 88' lang='lat' dir='ltr'><strong>A.</strong></span> <span class='ocrx_word' id='word_1_123' title='bbox 1319 1485 1400 1535; x_wconf 78' lang='lat'><strong>26.</strong></span> 
     </span>
    </p>
   </div>
   <div class='ocr_carea' id='block_1_9' title="bbox 346 1573 2010 1631">
    <p class='ocr_par' dir='ltr' id='par_1_9' title="bbox 346 1573 2010 1631">
     <span class='ocr_line' id='line_1_16' title="bbox 346 1573 2010 1631; baseline 0.003 -17"><span class='ocrx_word' id='word_1_124' title='bbox 346 1573 527 1615; x_wconf 81' lang='lat' dir='ltr'><strong>Codices</strong></span> <span class='ocrx_word' id='word_1_125' title='bbox 557 1576 645 1615; x_wconf 85' lang='lat' dir='ltr'><strong>duo</strong></span> <span class='ocrx_word' id='word_1_126' title='bbox 677 1576 819 1616; x_wconf 77' lang='lat' dir='ltr'><strong>chart.</strong></span> <span class='ocrx_word' id='word_1_127' title='bbox 853 1589 894 1618; x_wconf 84' lang='lat' dir='ltr'><strong>a.</strong></span> <span class='ocrx_word' id='word_1_128' title='bbox 927 1577 1042 1618; x_wconf 81' lang='lat'><em>1750</em></span> <span class='ocrx_word' id='word_1_129' title='bbox 1057 1577 1117 1631; x_wconf 83' lang='lat' dir='ltr'><strong><em>ff</em></strong></span> <span class='ocrx_word' id='word_1_130' title='bbox 1147 1578 1330 1619; x_wconf 65' lang='lat'><em>308128</em></span> <span class='ocrx_word' id='word_1_131' title='bbox 1360 1590 1498 1627; x_wconf 65' lang='lat' dir='ltr'><strong>num„</strong></span> <span class='ocrx_word' id='word_1_132' title='bbox 1526 1579 1585 1618; x_wconf 89' lang='lat'><strong>33</strong></span> <span class='ocrx_word' id='word_1_133' title='bbox 1603 1579 1726 1626; x_wconf 82' lang='lat'><em>&gt;&lt;21</em></span> <span class='ocrx_word' id='word_1_134' title='bbox 1760 1590 1843 1618; x_wconf 84' lang='lat' dir='ltr'><strong>cm.</strong></span> <span class='ocrx_word' id='word_1_135' title='bbox 1877 1579 1918 1619; x_wconf 82' lang='lat' dir='ltr'><strong>d.</strong></span> <span class='ocrx_word' id='word_1_136' title='bbox 1951 1590 2010 1619; x_wconf 87' lang='lat' dir='ltr'><strong>m.</strong></span> 
     </span>
    </p>
   </div>
   <div class='ocr_carea' id='block_1_10' title="bbox 341 1657 2208 1826">
    <p class='ocr_par' dir='ltr' id='par_1_10' title="bbox 341 1657 2208 1826">
     <span class='ocr_line' id='line_1_17' title="bbox 481 1657 2208 1709; baseline 0.003 -16"><span class='ocrx_word' id='word_1_137' title='bbox 481 1657 571 1703; x_wconf 84' lang='lat' dir='ltr'><strong>(Tit.</strong></span> <span class='ocrx_word' id='word_1_138' title='bbox 606 1660 693 1695; x_wconf 88' lang='lat' dir='ltr'><strong>cod.</strong></span> <span class='ocrx_word' id='word_1_139' title='bbox 727 1659 791 1705; x_wconf 90' lang='lat' dir='ltr'><strong>a):</strong></span> <span class='ocrx_word' id='word_1_140' title='bbox 825 1657 985 1698; x_wconf 86' lang='lat' dir='ltr'>Codex</span> <span class='ocrx_word' id='word_1_141' title='bbox 1026 1658 1415 1699; x_wconf 85' lang='lat' dir='ltr'><strong>constitutionum</strong></span> <span class='ocrx_word' id='word_1_142' title='bbox 1455 1658 1803 1709; x_wconf 85' lang='lat' dir='ltr'><strong>particularium</strong></span> <span class='ocrx_word' id='word_1_143' title='bbox 1844 1658 2021 1699; x_wconf 90' lang='lat' dir='ltr'><strong>ordinis</strong></span> <span class='ocrx_word' id='word_1_144' title='bbox 2053 1659 2208 1700; x_wconf 91' lang='lat' dir='ltr'><strong>Cruci-</strong></span> 
     </span>
     <span class='ocr_line' id='line_1_18' title="bbox 341 1715 2208 1769; baseline 0.003 -17"><span class='ocrx_word' id='word_1_145' title='bbox 341 1723 556 1763; x_wconf 87' lang='lat' dir='ltr'><strong>gerorum</strong></span> <span class='ocrx_word' id='word_1_146' title='bbox 589 1725 694 1754; x_wconf 92' lang='lat' dir='ltr'><strong>cum</strong></span> <span class='ocrx_word' id='word_1_147' title='bbox 725 1715 867 1755; x_wconf 89' lang='lat' dir='ltr'><strong>rubeo</strong></span> <span class='ocrx_word' id='word_1_148' title='bbox 901 1717 1038 1756; x_wconf 91' lang='lat' dir='ltr'><strong>corde</strong></span> <span class='ocrx_word' id='word_1_149' title='bbox 1070 1717 1125 1756; x_wconf 89' lang='lat' dir='ltr'><strong>de</strong></span> <span class='ocrx_word' id='word_1_150' title='bbox 1157 1716 1450 1756; x_wconf 89' lang='lat' dir='ltr'><strong>Poenitentia</strong></span> <span class='ocrx_word' id='word_1_151' title='bbox 1493 1716 1744 1757; x_wconf 89' lang='lat' dir='ltr'><strong>Beatorum</strong></span> <span class='ocrx_word' id='word_1_152' title='bbox 1774 1716 2045 1769; x_wconf 88' lang='lat' dir='ltr'><strong>Martyrum,</strong></span> <span class='ocrx_word' id='word_1_153' title='bbox 2078 1728 2208 1757; x_wconf 87' lang='lat' dir='ltr'><strong>cano-</strong></span> 
     </span>
     <span class='ocr_line' id='line_1_19' title="bbox 342 1772 2206 1826; baseline 0.003 -17"><span class='ocrx_word' id='word_1_154' title='bbox 342 1773 536 1810; x_wconf 90' lang='lat' dir='ltr'><strong>nicorum</strong></span> <span class='ocrx_word' id='word_1_155' title='bbox 579 1772 836 1823; x_wconf 84' lang='lat' dir='ltr'><strong>regularium</strong></span> <span class='ocrx_word' id='word_1_156' title='bbox 879 1772 922 1813; x_wconf 88' lang='lat' dir='ltr'><strong>S.</strong></span> <span class='ocrx_word' id='word_1_157' title='bbox 954 1773 1116 1813; x_wconf 87' lang='lat' dir='ltr'><strong>Mariae</strong></span> <span class='ocrx_word' id='word_1_158' title='bbox 1148 1774 1202 1813; x_wconf 91' lang='lat' dir='ltr'><strong>de</strong></span> <span class='ocrx_word' id='word_1_159' title='bbox 1243 1773 1424 1814; x_wconf 89' lang='lat' dir='ltr'><strong>Metride</strong></span> <span class='ocrx_word' id='word_1_160' title='bbox 1457 1773 1574 1814; x_wconf 90' lang='lat' dir='ltr'><strong>Urbe</strong></span> <span class='ocrx_word' id='word_1_161' title='bbox 1607 1775 1690 1814; x_wconf 92' lang='lat' dir='ltr'><strong>sub</strong></span> <span class='ocrx_word' id='word_1_162' title='bbox 1721 1775 1869 1826; x_wconf 90' lang='lat' dir='ltr'><strong>regula</strong></span> <span class='ocrx_word' id='word_1_163' title='bbox 1899 1773 1943 1815; x_wconf 88' lang='lat' dir='ltr'><strong>S.</strong></span> <span class='ocrx_word' id='word_1_164' title='bbox 1975 1775 2206 1826; x_wconf 83' lang='lat' dir='ltr'><strong>Augustini</strong></span> 
     </span>
    </p>
   </div>
   <div class='ocr_carea' id='block_1_11' title="bbox 342 1827 2205 1941">
    <p class='ocr_par' dir='ltr' id='par_1_11' title="bbox 342 1827 2205 1941">
     <span class='ocr_line' id='line_1_20' title="bbox 342 1827 2205 1887; baseline 0.003 -20"><span class='ocrx_word' id='word_1_165' title='bbox 342 1827 513 1879; x_wconf 88' lang='lat' dir='ltr'><strong>Pragae</strong></span> <span class='ocrx_word' id='word_1_166' title='bbox 544 1829 691 1869; x_wconf 85' lang='lat' dir='ltr'><strong>veteri</strong></span> <span class='ocrx_word' id='word_1_167' title='bbox 721 1829 1001 1871; x_wconf 72' lang='lat' dir='ltr'><strong>Boemorum</strong></span> <span class='ocrx_word' id='word_1_168' title='bbox 1023 1833 1081 1871; x_wconf 91' lang='lat' dir='ltr'><strong>ad</strong></span> <span class='ocrx_word' id='word_1_169' title='bbox 1104 1832 1348 1872; x_wconf 89' lang='lat' dir='ltr'><strong>ecclesiam</strong></span> <span class='ocrx_word' id='word_1_170' title='bbox 1371 1832 1413 1872; x_wconf 92' lang='lat' dir='ltr'><strong>S.</strong></span> <span class='ocrx_word' id='word_1_171' title='bbox 1438 1832 1598 1872; x_wconf 88' lang='lat' dir='ltr'><strong>Crucis</strong></span> <span class='ocrx_word' id='word_1_172' title='bbox 1618 1831 1808 1887; x_wconf 88' lang='lat' dir='ltr'><strong>Majoris</strong></span> <span class='ocrx_word' id='word_1_173' title='bbox 1832 1832 2079 1884; x_wconf 86' lang='lat' dir='ltr'><strong>degentium</strong></span> <span class='ocrx_word' id='word_1_174' title='bbox 2111 1864 2121 1874; x_wconf 85' lang='lat'><strong>.</strong></span> <span class='ocrx_word' id='word_1_175' title='bbox 2154 1863 2163 1873; x_wconf 90' lang='lat'><strong>.</strong></span> <span class='ocrx_word' id='word_1_176' title='bbox 2196 1864 2205 1872; x_wconf 91' lang='lat'><strong>.</strong></span> 
     </span>
     <span class='ocr_line' id='line_1_21' title="bbox 347 1885 1337 1941; baseline 0.005 -17"><span class='ocrx_word' id='word_1_177' title='bbox 347 1885 467 1926; x_wconf 86' lang='lat'><strong>1750.</strong></span> <span class='ocrx_word' id='word_1_178' title='bbox 502 1886 654 1938; x_wconf 88' lang='lat' dir='ltr'><strong>(Manu</strong></span> <span class='ocrx_word' id='word_1_179' title='bbox 685 1887 780 1928; x_wconf 92' lang='lat' dir='ltr'><strong>Joh.</strong></span> <span class='ocrx_word' id='word_1_180' title='bbox 814 1887 910 1928; x_wconf 89' lang='lat' dir='ltr'><strong>Car.</strong></span> <span class='ocrx_word' id='word_1_181' title='bbox 944 1889 1068 1929; x_wconf 89' lang='lat' dir='ltr'><strong>Rohn</strong></span> <span class='ocrx_word' id='word_1_182' title='bbox 1101 1890 1337 1941; x_wconf 83' lang='lat' dir='ltr'><strong>exaratus.)</strong></span> 
     </span>
    </p>
   </div>
   <div class='ocr_carea' id='block_1_12' title="bbox 343 1955 2206 2069">
    <p class='ocr_par' dir='ltr' id='par_1_12' title="bbox 343 1955 2206 2069">
     <span class='ocr_line' id='line_1_22' title="bbox 479 1955 2206 2011; baseline 0.003 -17"><span class='ocrx_word' id='word_1_183' title='bbox 479 1955 506 1995; x_wconf 87' lang='lat' dir='ltr'><strong>f.</strong></span> <span class='ocrx_word' id='word_1_184' title='bbox 540 1955 613 1995; x_wconf 70' lang='lat'><strong>29⁵</strong></span> <span class='ocrx_word' id='word_1_185' title='bbox 642 1955 829 1996; x_wconf 82' lang='lat' dir='ltr'><strong>Nomina</strong></span> <span class='ocrx_word' id='word_1_186' title='bbox 869 1961 1178 1998; x_wconf 89' lang='lat' dir='ltr'><strong>canonicorum</strong></span> <span class='ocrx_word' id='word_1_187' title='bbox 1221 1962 1429 2008; x_wconf 90' lang='lat' dir='ltr'><strong>omnium,</strong></span> <span class='ocrx_word' id='word_1_188' title='bbox 1472 1962 1544 2011; x_wconf 91' lang='lat' dir='ltr'><strong>qui</strong></span> <span class='ocrx_word' id='word_1_189' title='bbox 1586 1959 1641 1999; x_wconf 88' lang='lat' dir='ltr'><strong>ad</strong></span> <span class='ocrx_word' id='word_1_190' title='bbox 1684 1959 2005 1999; x_wconf 78' lang='lat' dir='ltr'><strong>observantiam</strong></span> <span class='ocrx_word' id='word_1_191' title='bbox 2047 1962 2206 2000; x_wconf 91' lang='lat' dir='ltr'><strong>consti-</strong></span> 
     </span>
     <span class='ocr_line' id='line_1_23' title="bbox 343 2015 2206 2069; baseline 0.003 -18"><span class='ocrx_word' id='word_1_192' title='bbox 343 2015 556 2052; x_wconf 89' lang='lat' dir='ltr'><strong>tutionum</strong></span> <span class='ocrx_word' id='word_1_193' title='bbox 596 2025 644 2053; x_wconf 92' lang='lat' dir='ltr'><strong>se</strong></span> <span class='ocrx_word' id='word_1_194' title='bbox 686 2015 973 2066; x_wconf 87' lang='lat' dir='ltr'><strong>obstringunt,</strong></span> <span class='ocrx_word' id='word_1_195' title='bbox 1022 2019 1203 2067; x_wconf 89' lang='lat' dir='ltr'><strong>propriis</strong></span> <span class='ocrx_word' id='word_1_196' title='bbox 1245 2018 1449 2057; x_wconf 91' lang='lat' dir='ltr'><strong>manibus</strong></span> <span class='ocrx_word' id='word_1_197' title='bbox 1481 2021 1629 2057; x_wconf 89' lang='lat' dir='ltr'><strong>notata</strong></span> <span class='ocrx_word' id='word_1_198' title='bbox 1659 2029 1759 2057; x_wconf 89' lang='lat' dir='ltr'><strong>cum</strong></span> <span class='ocrx_word' id='word_1_199' title='bbox 1792 2018 1929 2069; x_wconf 89' lang='lat' dir='ltr'><strong>sigillo</strong></span> <span class='ocrx_word' id='word_1_200' title='bbox 1961 2020 2206 2069; x_wconf 84' lang='lat' dir='ltr'><strong>praepositi.</strong></span> 
     </span>
    </p>
   </div>
   <div class='ocr_carea' id='block_1_13' title="bbox 480 2079 2206 2139">
    <p class='ocr_par' dir='ltr' id='par_1_13' title="bbox 480 2079 2206 2139">
     <span class='ocr_line' id='line_1_24' title="bbox 480 2079 2206 2139; baseline 0.003 -18"><span class='ocrx_word' id='word_1_201' title='bbox 480 2082 507 2122; x_wconf 87' lang='lat' dir='ltr'><strong>f.</strong></span> <span class='ocrx_word' id='word_1_202' title='bbox 541 2079 750 2122; x_wconf 73' lang='lat' dir='ltr'>29b—30b</span> <span class='ocrx_word' id='word_1_203' title='bbox 782 2083 1063 2125; x_wconf 87' lang='lat' dir='ltr'><strong>Confirmatio</strong></span> <span class='ocrx_word' id='word_1_204' title='bbox 1096 2086 1333 2126; x_wconf 88' lang='lat' dir='ltr'><strong>earundem</strong></span> <span class='ocrx_word' id='word_1_205' title='bbox 1356 2090 1713 2127; x_wconf 79' lang='lat' dir='ltr'><strong>constitutionum</strong></span> <span class='ocrx_word' id='word_1_206' title='bbox 1736 2098 1811 2138; x_wconf 92' lang='lat' dir='ltr'><strong>per</strong></span> <span class='ocrx_word' id='word_1_207' title='bbox 1831 2087 2206 2139; x_wconf 88' lang='lat' dir='ltr'><strong>archiepiscopum</strong></span> 
     </span>
    </p>
   </div>
   <div class='ocr_carea' id='block_1_14' title="bbox 341 2138 2208 2249">
    <p class='ocr_par' dir='ltr' id='par_1_14' title="bbox 341 2138 2208 2249">
     <span class='ocr_line' id='line_1_25' title="bbox 341 2138 2208 2236; baseline 0.003 -58"><span class='ocrx_word' id='word_1_208' title='bbox 341 2138 466 2235; x_wconf 34' lang='lat' dir='ltr'><strong>J.·HM.</strong></span> <span class='ocrx_word' id='word_1_209' title='bbox 499 2139 695 2236; x_wconf 76' lang='lat' dir='ltr'><strong>G.hcom.</strong></span> <span class='ocrx_word' id='word_1_210' title='bbox 729 2141 782 2180; x_wconf 91' lang='lat' dir='ltr'><strong>de</strong></span> <span class='ocrx_word' id='word_1_211' title='bbox 823 2141 1158 2182; x_wconf 89' lang='lat' dir='ltr'><strong>Manderscheid</strong></span> <span class='ocrx_word' id='word_1_212' title='bbox 1201 2156 1257 2184; x_wconf 91' lang='lat' dir='ltr'><strong>m.</strong></span> <span class='ocrx_word' id='word_1_213' title='bbox 1290 2157 1330 2196; x_wconf 93' lang='lat' dir='ltr'><strong>p.</strong></span> <span class='ocrx_word' id='word_1_214' title='bbox 1364 2145 1609 2196; x_wconf 88' lang='lat' dir='ltr'><strong>subscripta</strong></span> <span class='ocrx_word' id='word_1_215' title='bbox 1644 2145 1707 2185; x_wconf 87' lang='lat'><strong>15.</strong></span> <span class='ocrx_word' id='word_1_216' title='bbox 1739 2144 1832 2184; x_wconf 89' lang='lat' dir='ltr'><strong>Jan.</strong></span> <span class='ocrx_word' id='word_1_217' title='bbox 1881 2143 1988 2184; x_wconf 87' lang='grc'><strong>1762</strong></span> <span class='ocrx_word' id='word_1_218' title='bbox 2020 2156 2120 2184; x_wconf 91' lang='lat' dir='ltr'><strong>cum</strong></span> <span class='ocrx_word' id='word_1_219' title='bbox 2153 2148 2208 2184; x_wconf 93' lang='lat' dir='ltr'><strong>si-</strong></span> 
     </span>
     <span class='ocr_line' id='line_1_26' title="bbox 341 2208 661 2249; baseline 0.009 -14"><span class='ocrx_word' id='word_1_220' title='bbox 341 2208 381 2247; x_wconf 83' lang='lat' dir='ltr'><strong>gi</strong></span> <span class='ocrx_word' id='word_1_221' title='bbox 414 2208 439 2236; x_wconf 91' lang='lat' dir='ltr'><strong>o</strong></span> <span class='ocrx_word' id='word_1_222' title='bbox 475 2209 546 2237; x_wconf 89' lang='lat' dir='ltr'><strong>arc</strong></span> <span class='ocrx_word' id='word_1_223' title='bbox 581 2210 661 2249; x_wconf 90' lang='lat' dir='ltr'><strong>1ep.</strong></span> 
     </span>
    </p>
   </div>
   <div class='ocr_carea' id='block_1_15' title="bbox 342 2265 2207 2374">
    <p class='ocr_par' dir='ltr' id='par_1_15' title="bbox 342 2265 2207 2374">
     <span class='ocr_line' id='line_1_27' title="bbox 481 2265 2207 2323; baseline 0.003 -18"><span class='ocrx_word' id='word_1_224' title='bbox 481 2265 588 2306; x_wconf 90' lang='lat' dir='ltr'><strong>Cod.</strong></span> <span class='ocrx_word' id='word_1_225' title='bbox 622 2268 649 2306; x_wconf 92' lang='lat' dir='ltr'>b</span> <span class='ocrx_word' id='word_1_226' title='bbox 681 2268 859 2307; x_wconf 89' lang='lat' dir='ltr'><strong>eaedem</strong></span> <span class='ocrx_word' id='word_1_227' title='bbox 893 2273 1224 2309; x_wconf 84' lang='lat' dir='ltr'><strong>constitutiones</strong></span> <span class='ocrx_word' id='word_1_228' title='bbox 1256 2274 1529 2311; x_wconf 89' lang='lat' dir='ltr'><strong>continentur</strong></span> <span class='ocrx_word' id='word_1_229' title='bbox 1559 2274 1864 2323; x_wconf 90' lang='lat' dir='ltr'><strong>transscriptae</strong></span> <span class='ocrx_word' id='word_1_230' title='bbox 1887 2271 1967 2310; x_wconf 87' lang='lat' dir='ltr'><strong>sed</strong></span> <span class='ocrx_word' id='word_1_231' title='bbox 1989 2273 2082 2310; x_wconf 91' lang='lat' dir='ltr'><strong>sine</strong></span> <span class='ocrx_word' id='word_1_232' title='bbox 2105 2270 2207 2310; x_wconf 90' lang='lat' dir='ltr'><strong>sub-</strong></span> 
     </span>
     <span class='ocr_line' id='line_1_28' title="bbox 342 2325 1014 2374; baseline 0.007 -12"><span class='ocrx_word' id='word_1_233' title='bbox 342 2326 571 2374; x_wconf 89' lang='lat' dir='ltr'><strong>scriptione</strong></span> <span class='ocrx_word' id='word_1_234' title='bbox 603 2328 645 2364; x_wconf 90' lang='lat' dir='ltr'><strong>et</strong></span> <span class='ocrx_word' id='word_1_235' title='bbox 674 2325 1014 2367; x_wconf 87' lang='lat' dir='ltr'><strong>confirmatione.</strong></span> 
     </span>
    </p>
   </div>
   <div class='ocr_carea' id='block_1_16' title="bbox 480 2394 1291 2436">
    <p class='ocr_par' dir='ltr' id='par_1_16' title="bbox 480 2394 1291 2436">
     <span class='ocr_line' id='line_1_29' title="bbox 480 2394 1291 2436; baseline 0.006 -6"><span class='ocrx_word' id='word_1_236' title='bbox 480 2394 750 2432; x_wconf 87' lang='lat' dir='ltr'><strong>Verisimiliter</strong></span> <span class='ocrx_word' id='word_1_237' title='bbox 780 2408 827 2433; x_wconf 79' lang='lat' dir='ltr'><strong>ex</strong></span> <span class='ocrx_word' id='word_1_238' title='bbox 858 2409 962 2434; x_wconf 91' lang='lat' dir='ltr'><strong>mon.</strong></span> <span class='ocrx_word' id='word_1_239' title='bbox 996 2398 1035 2435; x_wconf 91' lang='lat' dir='ltr'><strong>S.</strong></span> <span class='ocrx_word' id='word_1_240' title='bbox 1069 2398 1206 2435; x_wconf 89' lang='lat' dir='ltr'><strong>Crucis</strong></span> <span class='ocrx_word' id='word_1_241' title='bbox 1237 2399 1291 2436; x_wconf 91' lang='lat' dir='ltr'><strong>M.</strong></span> 
     </span>
    </p>
   </div>
   <div class='ocr_carea' id='block_1_17' title="bbox 343 2506 2205 2736">
    <p class='ocr_par' dir='ltr' id='par_1_17' title="bbox 343 2506 2205 2736">
     <span class='ocr_line' id='line_1_30' title="bbox 481 2506 1403 2562; baseline 0.003 -3"><span class='ocrx_word' id='word_1_242' title='bbox 481 2506 552 2559; x_wconf 87' lang='grc'><strong>36</strong></span> <span class='ocrx_word' id='word_1_243' title='bbox 1141 2511 1186 2559; x_wconf 87' lang='lat' dir='ltr'><strong>I.</strong></span> <span class='ocrx_word' id='word_1_244' title='bbox 1224 2511 1286 2562; x_wconf 86' lang='lat' dir='ltr'><strong>A.</strong></span> <span class='ocrx_word' id='word_1_245' title='bbox 1322 2511 1403 2562; x_wconf 80' lang='lat'><strong>27.</strong></span> 
     </span>
     <span class='ocr_line' id='line_1_31' title="bbox 343 2599 1469 2656; baseline 0.004 -18"><span class='ocrx_word' id='word_1_246' title='bbox 343 2599 485 2639; x_wconf 75' lang='lat' dir='ltr'><strong>chart.</strong></span> <span class='ocrx_word' id='word_1_247' title='bbox 517 2611 630 2640; x_wconf 80' lang='lat' dir='ltr'><strong>saec.</strong></span> <span class='ocrx_word' id='word_1_248' title='bbox 662 2600 806 2641; x_wconf 87' lang='lat' dir='ltr'>XVII</span> <span class='ocrx_word' id='word_1_249' title='bbox 817 2603 875 2656; x_wconf 84' lang='lat' dir='ltr'><em>ff</em></span> <span class='ocrx_word' id='word_1_250' title='bbox 907 2603 975 2651; x_wconf 76' lang='lat'><strong>43,</strong></span> <span class='ocrx_word' id='word_1_251' title='bbox 1006 2601 1135 2652; x_wconf 79' lang='lat'><em>30&gt;&lt;</em></span> <span class='ocrx_word' id='word_1_252' title='bbox 1151 2605 1204 2644; x_wconf 85' lang='grc'><strong>21</strong></span> <span class='ocrx_word' id='word_1_253' title='bbox 1238 2616 1321 2644; x_wconf 82' lang='lat' dir='ltr'><strong>cm.</strong></span> <span class='ocrx_word' id='word_1_254' title='bbox 1354 2606 1378 2645; x_wconf 91' lang='lat' dir='ltr'>I</span> <span class='ocrx_word' id='word_1_255' title='bbox 1411 2617 1469 2644; x_wconf 82' lang='lat' dir='ltr'><strong>m.</strong></span> 
     </span>
     <span class='ocr_line' id='line_1_32' title="bbox 481 2680 2205 2736; baseline 0.002 -16"><span class='ocrx_word' id='word_1_256' title='bbox 481 2680 853 2723; x_wconf 88' lang='lat' dir='ltr'><strong>Constitutiones</strong></span> <span class='ocrx_word' id='word_1_257' title='bbox 895 2688 940 2724; x_wconf 89' lang='lat' dir='ltr'><strong>et</strong></span> <span class='ocrx_word' id='word_1_258' title='bbox 981 2686 1165 2725; x_wconf 88' lang='lat' dir='ltr'><strong>decreta</strong></span> <span class='ocrx_word' id='word_1_259' title='bbox 1204 2684 1477 2736; x_wconf 89' lang='lat' dir='ltr'><strong>pontificum</strong></span> <span class='ocrx_word' id='word_1_260' title='bbox 1518 2683 1771 2724; x_wconf 86' lang='lat' dir='ltr'><strong>maximam</strong></span> <span class='ocrx_word' id='word_1_261' title='bbox 1810 2685 1991 2734; x_wconf 90' lang='lat' dir='ltr'><strong>partem</strong></span> <span class='ocrx_word' id='word_1_262' title='bbox 2032 2684 2090 2724; x_wconf 91' lang='lat' dir='ltr'><strong>ad</strong></span> <span class='ocrx_word' id='word_1_263' title='bbox 2129 2694 2205 2724; x_wconf 89' lang='lat' dir='ltr'><strong>res</strong></span> 
     </span>
    </p>
   </div>
   <div class='ocr_carea' id='block_1_18' title="bbox 342 2739 1628 2793">
    <p class='ocr_par' dir='ltr' id='par_1_18' title="bbox 342 2739 1628 2793">
     <span class='ocr_line' id='line_1_33' title="bbox 342 2739 1628 2793; baseline 0.005 -17"><span class='ocrx_word' id='word_1_264' title='bbox 342 2739 627 2779; x_wconf 90' lang='lat' dir='ltr'><strong>monasticas</strong></span> <span class='ocrx_word' id='word_1_265' title='bbox 659 2743 706 2779; x_wconf 90' lang='lat' dir='ltr'><strong>et</strong></span> <span class='ocrx_word' id='word_1_266' title='bbox 735 2742 1016 2782; x_wconf 87' lang='lat' dir='ltr'><strong>haereticam</strong></span> <span class='ocrx_word' id='word_1_267' title='bbox 1047 2743 1326 2793; x_wconf 88' lang='lat' dir='ltr'><strong>pravitatem</strong></span> <span class='ocrx_word' id='word_1_268' title='bbox 1357 2741 1628 2793; x_wconf 89' lang='lat' dir='ltr'><strong>spectantia.</strong></span> 
     </span>
    </p>
   </div>
   <div class='ocr_carea' id='block_1_19' title="bbox 341 2807 2204 2914">
    <p class='ocr_par' dir='ltr' id='par_1_19' title="bbox 341 2807 2204 2914">
     <span class='ocr_line' id='line_1_34' title="bbox 479 2807 2204 2861; baseline 0.001 -15"><span class='ocrx_word' id='word_1_269' title='bbox 479 2807 506 2846; x_wconf 85' lang='lat' dir='ltr'><strong>s.</strong></span> <span class='ocrx_word' id='word_1_270' title='bbox 545 2808 558 2846; x_wconf 89' lang='lat'>1</span> <span class='ocrx_word' id='word_1_271' title='bbox 598 2807 858 2850; x_wconf 87' lang='lat' dir='ltr'><strong>Constitutio</strong></span> <span class='ocrx_word' id='word_1_272' title='bbox 901 2810 1135 2851; x_wconf 88' lang='lat' dir='ltr'><strong>Clementis</strong></span> <span class='ocrx_word' id='word_1_273' title='bbox 1176 2810 1268 2850; x_wconf 90' lang='lat' dir='ltr'>VIII</span> <span class='ocrx_word' id='word_1_274' title='bbox 1310 2811 1364 2850; x_wconf 90' lang='lat' dir='ltr'><strong>de</strong></span> <span class='ocrx_word' id='word_1_275' title='bbox 1411 2812 1630 2861; x_wconf 88' lang='lat' dir='ltr'><strong>largitione</strong></span> <span class='ocrx_word' id='word_1_276' title='bbox 1677 2820 1905 2849; x_wconf 87' lang='lat' dir='ltr'><strong>munerum</strong></span> <span class='ocrx_word' id='word_1_277' title='bbox 1938 2810 2204 2860; x_wconf 87' lang='lat' dir='ltr'><strong>regularibus</strong></span> 
     </span>
     <span class='ocr_line' id='line_1_35' title="bbox 341 2865 807 2914; baseline 0.009 -11"><span class='ocrx_word' id='word_1_278' title='bbox 341 2865 576 2914; x_wconf 83' lang='lat' dir='ltr'><strong>interdicta,</strong></span> <span class='ocrx_word' id='word_1_279' title='bbox 609 2866 649 2906; x_wconf 88' lang='lat' dir='ltr'><strong>d.</strong></span> <span class='ocrx_word' id='word_1_280' title='bbox 688 2867 807 2907; x_wconf 86' lang='grc'><strong>1594.</strong></span> 
     </span>
    </p>
   </div>
   <div class='ocr_carea' id='block_1_20' title="bbox 478 2931 1856 2989">
    <p class='ocr_par' dir='ltr' id='par_1_20' title="bbox 478 2931 1856 2989">
     <span class='ocr_line' id='line_1_36' title="bbox 478 2931 1856 2989; baseline 0.001 -16"><span class='ocrx_word' id='word_1_281' title='bbox 478 2933 505 2974; x_wconf 87' lang='lat' dir='ltr'><strong>f.</strong></span> <span class='ocrx_word' id='word_1_282' title='bbox 538 2931 583 2973; x_wconf 75' lang='lat'><strong>5¹²</strong></span> <span class='ocrx_word' id='word_1_283' title='bbox 616 2934 895 2977; x_wconf 84' lang='lat' dir='ltr'><strong>Confirmatio</strong></span> <span class='ocrx_word' id='word_1_284' title='bbox 928 2938 1124 2977; x_wconf 89' lang='lat' dir='ltr'><strong>eiusdem</strong></span> <span class='ocrx_word' id='word_1_285' title='bbox 1156 2950 1232 2989; x_wconf 90' lang='lat' dir='ltr'><strong>per</strong></span> <span class='ocrx_word' id='word_1_286' title='bbox 1262 2937 1489 2978; x_wconf 88' lang='lat' dir='ltr'><strong>Urbanum</strong></span> <span class='ocrx_word' id='word_1_287' title='bbox 1519 2935 1624 2984; x_wconf 87' lang='lat' dir='ltr'>VIII,</span> <span class='ocrx_word' id='word_1_288' title='bbox 1657 2936 1697 2976; x_wconf 92' lang='lat' dir='ltr'><strong>d.</strong></span> <span class='ocrx_word' id='word_1_289' title='bbox 1736 2935 1856 2975; x_wconf 82' lang='lat'><strong>1640.</strong></span> 
     </span>
    </p>
   </div>
   <div class='ocr_carea' id='block_1_21' title="bbox 341 3002 2205 3221">
    <p class='ocr_par' dir='ltr' id='par_1_21' title="bbox 341 3002 2205 3221">
     <span class='ocr_line' id='line_1_37' title="bbox 479 3002 2203 3056; baseline 0.001 -14"><span class='ocrx_word' id='word_1_290' title='bbox 479 3002 506 3042; x_wconf 85' lang='lat' dir='ltr'><strong>f.</strong></span> <span class='ocrx_word' id='word_1_291' title='bbox 539 3003 583 3043; x_wconf 65' lang='grc' dir='ltr'><strong>8ιι</strong></span> <span class='ocrx_word' id='word_1_292' title='bbox 614 3003 872 3045; x_wconf 86' lang='lat' dir='ltr'><strong>Constitutio</strong></span> <span class='ocrx_word' id='word_1_293' title='bbox 915 3005 1078 3046; x_wconf 87' lang='lat' dir='ltr'><strong>Urbani</strong></span> <span class='ocrx_word' id='word_1_294' title='bbox 1119 3007 1211 3046; x_wconf 91' lang='lat' dir='ltr'>VIII</span> <span class='ocrx_word' id='word_1_295' title='bbox 1253 3007 1306 3046; x_wconf 92' lang='lat' dir='ltr'><strong>de</strong></span> <span class='ocrx_word' id='word_1_296' title='bbox 1348 3006 1614 3056; x_wconf 87' lang='lat' dir='ltr'><strong>regularibus</strong></span> <span class='ocrx_word' id='word_1_297' title='bbox 1655 3007 1867 3055; x_wconf 89' lang='lat' dir='ltr'><strong>apostatis</strong></span> <span class='ocrx_word' id='word_1_298' title='bbox 1899 3008 1941 3044; x_wconf 88' lang='lat' dir='ltr'><strong>et</strong></span> <span class='ocrx_word' id='word_1_299' title='bbox 1972 3005 2121 3055; x_wconf 89' lang='lat' dir='ltr'><strong>ejectis</strong></span> <span class='ocrx_word' id='word_1_300' title='bbox 2152 3015 2203 3044; x_wconf 89' lang='lat' dir='ltr'><strong>ac</strong></span> 
     </span>
     <span class='ocr_line' id='line_1_38' title="bbox 343 3059 2201 3113; baseline 0.002 -16"><span class='ocrx_word' id='word_1_301' title='bbox 343 3059 396 3098; x_wconf 87' lang='lat' dir='ltr'><strong>de</strong></span> <span class='ocrx_word' id='word_1_302' title='bbox 428 3061 716 3106; x_wconf 87' lang='lat' dir='ltr'><strong>innovatione,</strong></span> <span class='ocrx_word' id='word_1_303' title='bbox 751 3064 1037 3104; x_wconf 88' lang='lat' dir='ltr'><strong>declaratione</strong></span> <span class='ocrx_word' id='word_1_304' title='bbox 1070 3069 1112 3104; x_wconf 91' lang='lat' dir='ltr'><strong>et</strong></span> <span class='ocrx_word' id='word_1_305' title='bbox 1142 3065 1419 3104; x_wconf 86' lang='lat' dir='ltr'><strong>observantia</strong></span> <span class='ocrx_word' id='word_1_306' title='bbox 1449 3063 1713 3113; x_wconf 86' lang='lat' dir='ltr'><strong>generalium</strong></span> <span class='ocrx_word' id='word_1_307' title='bbox 1746 3061 2018 3101; x_wconf 89' lang='lat' dir='ltr'><strong>decretorum</strong></span> <span class='ocrx_word' id='word_1_308' title='bbox 2049 3074 2076 3101; x_wconf 90' lang='lat' dir='ltr'><strong>a</strong></span> <span class='ocrx_word' id='word_1_309' title='bbox 2107 3061 2201 3102; x_wconf 92' lang='lat' dir='ltr'><strong>Cle-</strong></span> 
     </span>
     <span class='ocr_line' id='line_1_39' title="bbox 342 3117 2205 3171; baseline 0.002 -16"><span class='ocrx_word' id='word_1_310' title='bbox 342 3121 484 3156; x_wconf 87' lang='lat' dir='ltr'><strong>mente</strong></span> <span class='ocrx_word' id='word_1_311' title='bbox 516 3117 619 3161; x_wconf 76' lang='lat' dir='ltr'>VIII,</span> <span class='ocrx_word' id='word_1_312' title='bbox 652 3120 707 3158; x_wconf 89' lang='lat' dir='ltr'><strong>ad</strong></span> <span class='ocrx_word' id='word_1_313' title='bbox 740 3122 995 3171; x_wconf 86' lang='lat' dir='ltr'><strong>regularium</strong></span> <span class='ocrx_word' id='word_1_314' title='bbox 1028 3122 1375 3161; x_wconf 87' lang='lat' dir='ltr'><strong>reformationem</strong></span> <span class='ocrx_word' id='word_1_315' title='bbox 1408 3123 1752 3170; x_wconf 89' lang='lat' dir='ltr'><strong>novitiorumque</strong></span> <span class='ocrx_word' id='word_1_316' title='bbox 1785 3122 2075 3170; x_wconf 91' lang='lat' dir='ltr'><strong>receptionem</strong></span> <span class='ocrx_word' id='word_1_317' title='bbox 2107 3131 2205 3170; x_wconf 89' lang='lat' dir='ltr'><strong>spe·</strong></span> 
     </span>
     <span class='ocr_line' id='line_1_40' title="bbox 341 3177 1130 3221; baseline 0.009 -9"><span class='ocrx_word' id='word_1_318' title='bbox 341 3178 560 3221; x_wconf 84' lang='lat' dir='ltr'><strong>etantium,</strong></span> <span class='ocrx_word' id='word_1_319' title='bbox 594 3177 817 3218; x_wconf 85' lang='lat' dir='ltr'><strong>editorum.</strong></span> <span class='ocrx_word' id='word_1_320' title='bbox 851 3178 902 3218; x_wconf 92' lang='lat' dir='ltr'><strong>D.</strong></span> <span class='ocrx_word' id='word_1_321' title='bbox 934 3191 972 3219; x_wconf 91' lang='lat' dir='ltr'><strong>a.</strong></span> <span class='ocrx_word' id='word_1_322' title='bbox 1010 3179 1130 3219; x_wconf 85' lang='grc'><strong>1624.</strong></span> 
     </span>
    </p>
   </div>
   <div class='ocr_carea' id='block_1_22' title="bbox 340 3243 2204 3351">
    <p class='ocr_par' dir='ltr' id='par_1_22' title="bbox 340 3243 2204 3351">
     <span class='ocr_line' id='line_1_41' title="bbox 479 3243 2204 3296; baseline 0.002 -14"><span class='ocrx_word' id='word_1_323' title='bbox 479 3243 506 3283; x_wconf 84' lang='lat' dir='ltr'><strong>f.</strong></span> <span class='ocrx_word' id='word_1_324' title='bbox 540 3244 613 3283; x_wconf 68' lang='lat'><strong>29³</strong></span> <span class='ocrx_word' id='word_1_325' title='bbox 644 3244 903 3286; x_wconf 79' lang='lat' dir='ltr'><strong>Constitutio</strong></span> <span class='ocrx_word' id='word_1_326' title='bbox 935 3247 1099 3287; x_wconf 89' lang='lat' dir='ltr'><strong>Urbani</strong></span> <span class='ocrx_word' id='word_1_327' title='bbox 1130 3247 1233 3287; x_wconf 92' lang='lat' dir='ltr'>VIII.</span> <span class='ocrx_word' id='word_1_328' title='bbox 1268 3247 1320 3286; x_wconf 91' lang='lat' dir='ltr'><strong>de</strong></span> <span class='ocrx_word' id='word_1_329' title='bbox 1353 3246 1638 3285; x_wconf 84' lang='lat' dir='ltr'><strong>celebratione</strong></span> <span class='ocrx_word' id='word_1_330' title='bbox 1671 3248 1905 3284; x_wconf 88' lang='lat' dir='ltr'><strong>missarum</strong></span> <span class='ocrx_word' id='word_1_331' title='bbox 1937 3257 1989 3284; x_wconf 90' lang='lat' dir='ltr'><strong>ac</strong></span> <span class='ocrx_word' id='word_1_332' title='bbox 2019 3246 2075 3284; x_wconf 81' lang='lat' dir='ltr'><strong>&#39;de</strong></span> <span class='ocrx_word' id='word_1_333' title='bbox 2107 3257 2204 3296; x_wconf 88' lang='lat' dir='ltr'><strong>pro-</strong></span> 
     </span>
     <span class='ocr_line' id='line_1_42' title="bbox 340 3301 2203 3351; baseline 0.001 -12"><span class='ocrx_word' id='word_1_334' title='bbox 340 3301 542 3340; x_wconf 88' lang='lat' dir='ltr'><strong>hibitione</strong></span> <span class='ocrx_word' id='word_1_335' title='bbox 585 3303 675 3341; x_wconf 85' lang='lat' dir='ltr'><strong>illas</strong></span> <span class='ocrx_word' id='word_1_336' title='bbox 718 3305 970 3344; x_wconf 86' lang='lat' dir='ltr'><strong>moderandi</strong></span> <span class='ocrx_word' id='word_1_337' title='bbox 1004 3317 1083 3344; x_wconf 88' lang='lat' dir='ltr'><strong>seu</strong></span> <span class='ocrx_word' id='word_1_338' title='bbox 1115 3305 1362 3351; x_wconf 84' lang='lat' dir='ltr'><strong>reducendi,</strong></span> <span class='ocrx_word' id='word_1_339' title='bbox 1410 3314 1609 3342; x_wconf 86' lang='lat' dir='ltr'><strong>necnon</strong></span> <span class='ocrx_word' id='word_1_340' title='bbox 1643 3303 1695 3341; x_wconf 92' lang='lat' dir='ltr'><strong>de</strong></span> <span class='ocrx_word' id='word_1_341' title='bbox 1728 3303 1964 3342; x_wconf 86' lang='lat' dir='ltr'><strong>earundem</strong></span> <span class='ocrx_word' id='word_1_342' title='bbox 1998 3303 2203 3342; x_wconf 90' lang='lat' dir='ltr'><strong>oneribus</strong></span> 
     </span>
    </p>
   </div>
   <div class='ocr_carea' id='block_1_23' title="bbox 1262 3453 1282 3483">
    <p class='ocr_par' dir='ltr' id='par_1_23' title="bbox 1262 3453 1282 3483">
     <span class='ocr_line' id='line_1_43' title="bbox 1262 3453 1282 3483; baseline 0 0"><span class='ocrx_word' id='word_1_343' title='bbox 1262 3453 1282 3483; x_wconf 82' lang='lat'>8</span> 
     </span>
    </p>
   </div>
  </div>
 </body>
</html>
