2476 3782
1098 369 1136 372 -
1260 312 1345 350 436
1432 368 1510 372 Q

506 448 532 487 f.
565 444 809 487 86b—110b
840 447 1081 489 Tractatus
1113 449 1169 488 de
1200 452 1307 489 octo
1338 448 1711 489 beatitudinibus.
1743 449 1811 488 »In
1835 449 2078 499 evangelio,
2113 448 2231 500 quod

367 505 519 556 legitur
550 508 591 544 in
622 505 735 544 sesto
767 508 961 545 omnium
995 510 1271 546 sanctorum«
1323 507 1375 558 ><
1424 507 1616 554 (rubric.)
1681 505 1887 557 »Explicit
1934 506 2229 545 collectorium

367 564 497 602 huius
529 565 668 602 tocius
699 562 931 603 voluminis
957 595 965 604 .
993 595 1002 604 .
1029 595 1037 605 .
1065 565 1147 603 sub
1177 576 1215 603 a.
1251 564 1290 603 d.
1327 562 1475 604 1445«

505 620 532 660 f.
571 617 838 661 1112—1821’
869 620 1109 661 Tractatus
1133 622 1188 662 de
1219 621 1465 662 dilectione
1498 621 1570 661 dei
1602 625 1647 661 et
1676 621 1877 671 proximi
1899 624 1946 661 et
1966 619 2226 672 praeceptis

368 677 586 729 decalogi.
622 676 854 718 »Scribitur
883 677 986 718 Mat.
1019 679 1087 726 22,
1121 679 1237 730 quod
1271 690 1369 719 cum
1403 679 1579 731 quidam
1622 680 1727 729 legis
1770 679 1945 718 doctor<
1982 681 2024 716 ><
2061 677 2226 730 ›Expli-

367 738 485 775 ciunt
516 746 743 775 sermones
789 736 843 775 de
875 736 1109 776 dileccione
1144 737 1210 776 dei
1245 742 1286 776 et
1318 740 1501 788 proximi
1533 741 1574 776 et
1605 739 1777 776 caritate
1825 741 1866 775 et
1912 736 1965 775 de
2013 739 2225 787 preceptis

367 793 602 844 decalogi«

504 850 531 889 f.
570 848 836 891 1832—25612
868 850 1064 891 Lectura
1093 862 1234 902 super
1254 851 1469 892 Firmiter
1495 851 1738 892 credimus.
1766 852 1858 891 »Ad
1882 851 2054 891 laudem
2075 855 2119 890 et
2137 851 2228 902 glo·

366 911 470 947 riam
502 911 740 948 immense«
776 909 820 946 ><
856 906 1063 959 »Explicit
1093 910 1254 949 lectura
1300 908 1408 961 Mgri
1455 907 1545 949 Nic.
1594 908 1824 960 Dynklspss
1876 920 2007 960 super
2052 908 2229 948 firmiter

365 966 598 1014 credimus,
631 966 862 1016 compilata
892 969 971 1005 etc.
1005 971 1047 1006 et
1076 969 1118 1006 in
1150 968 1330 1006 concilio
1362 966 1589 1006 Basiliensi
1623 978 1659 1006 a.
1695 967 1735 1006 d.
1768 966 1986 1015 (1435?).‹

502 1024 528 1063 f.
563 1021 837 1063 25722—286b
867 1022 1112 1074 Expositio
1143 1035 1284 1076 super
1314 1024 1593 1065 dominicam
1625 1025 1899 1065 orationem.
1936 1024 2006 1064 »Si
2029 1024 2132 1075 quid
2154 1036 2226 1075 pe-

364 1084 519 1121 cieritis
552 1085 716 1132 patrem
749 1084 791 1120 in
822 1083 996 1121 nomine
1029 1093 1152 1121 meo«
1189 1083 1232 1121 ><
1278 1082 1485 1133 »Explicit
1527 1085 1752 1133 exposicio
1800 1093 1931 1133 super
1977 1084 2224 1122 oracionem

364 1139 625 1179 dominicam
658 1150 803 1178 vener.
836 1150 948 1190 mag.
981 1137 1073 1179 Nic.
1108 1139 1359 1191 Dinklspil.«
2159 1193 2161 1197 .

503 1197 700 1245 Operculo
730 1199 839 1235 infer.
871 1199 1085 1244 adligatum
1117 1205 1175 1235 est
1207 1201 1462 1246 fragmentum
1495 1201 1654 1236 membr.
1697 1201 1942 1235 instrumenti
1974 1199 2121 1246 publici
2151 1209 2223 1235 no-

363 1258 449 1292 tarii
481 1257 672 1293 Johannis
705 1255 970 1302 Gruenberger
1000 1267 1116 1303 super
1146 1268 1282 1303 pacem
1314 1264 1350 1294 et
1381 1259 1632 1294 concordiam
1663 1267 1766 1293 saec.
1799 1257 1883 1293 XV.
1947 1256 2133 1293 Codicem
2162 1267 2223 1293 re-

363 1325 469 1351 cens.
504 1315 676 1359 Schulte,
710 1314 860 1350 Canon.
894 1314 1070 1350 Hdschft.
1103 1326 1140 1360 p.
1175 1316 1240 1351 36.

501 1426 614 1479 436
995 1427 1092 1476 III.
1132 1427 1180 1476 C.
1218 1427 1265 1476 5.
1304 1438 1361 1479 (Y.
1392 1438 1438 1471 Π.
1463 1440 1495 1471 1.
1521 1449 1555 1471 n.
1581 1439 1652 1480 49.)

360 1520 504 1559 chart.
536 1531 651 1560 saec.
683 1519 773 1560 XV
788 1519 852 1571 ff
885 1520 984 1569 482,
1013 1520 1065 1560 31
1088 1521 1249 1560 ><20·5
1277 1533 1374 1569 cm..
1406 1522 1446 1562 d.
1481 1533 1538 1560 m.

498 1601 747 1641 Sermones
778 1601 1080 1641 dominicales
1112 1612 1193 1651 per
1225 1601 1448 1641 circulum
1480 1601 1601 1641 anni.
1649 1602 1694 1640 In
1741 1602 1826 1640 fine
1873 1601 1916 1649 (f.
1951 1598 2221 1648 466b—482)

358 1660 441 1698 alia
472 1670 630 1698 manus
661 1659 846 1698 indicem
880 1670 1020 1698 rerum
1053 1659 1371 1709 alphabeticum
1402 1659 1579 1702 addidit.
1613 1662 1734 1698 tertia
1764 1662 1806 1698 in
1839 1659 1865 1698 f.
1897 1656 2005 1698 469b
2037 1661 2218 1698 narrati-

359 1728 486 1755 onem
521 1717 574 1756 de
606 1721 742 1756 morte
774 1720 816 1756 et
847 1719 999 1767 poenis
1030 1715 1217 1755 Herodis
1249 1717 1375 1756 latine
1408 1721 1450 1756 et
1480 1717 1706 1756 bohemice
1739 1717 1973 1756 subiunxit.

497 1785 522 1824 f.
562 1787 604 1824 1⁸
640 1785 710 1825 »In
741 1785 943 1824 adventu.
977 1784 1204 1824 Dominica
1235 1785 1444 1824 hodierna
1475 1789 1542 1824 est
1572 1788 1732 1836 prima«
1769 1787 1810 1823 ><
1844 1785 1870 1825 f.
1902 1785 2010 1824 466α
2056 1785 2216 1837 (domi-

358 1846 455 1882 nica
488 1846 778 1894 rogationum)
814 1846 993 1894 »signati
1026 1846 1132 1882 estis
1165 1845 1314 1893 spiritu
1346 1846 1662 1893 promissionis,
1696 1846 1766 1895 qui
1799 1847 1866 1882 est
1897 1846 2095 1894 pignus«

494 1914 700 1961 Operculis
732 1915 945 1960 adligatum
992 1919 1049 1950 est
1099 1914 1232 1959 fragm.
1266 1916 1425 1951 membr.
1458 1916 1704 1950 instrumenti
1736 1915 1895 1960 publici,
1943 1924 2020 1960 quo
2053 1924 2212 1950 conser-

356 1977 510 2008 vatores
541 1973 683 2008 iurium
715 1978 751 2008 et
781 1973 1069 2019 privilegiorum
1101 1975 1269 2009 univers.
1303 1972 1412 2017 Prag.
1445 1974 1663 2008 studentem
1695 1973 1902 2018 quendam,
1935 1971 2213 2007 Wenceslaum

358 2035 493 2065 natum
523 2029 695 2066 Mathiae
728 2031 775 2065 de
806 2029 940 2076 Praga,
975 2032 1163 2065 adversus
1193 2034 1367 2076 raptores
1414 2034 1586 2066 tutantur
1618 2042 1652 2065 a.
1690 2030 1811 2066 1409.
1872 2029 1915 2064 In
1948 2030 2085 2065 eodem
2116 2029 2216 2075 frag-

357 2092 486 2123 mento
518 2098 632 2123 verso
666 2092 824 2124 notatur
853 2088 1048 2134 precium:
1087 2088 1108 2122 2
1143 2098 1275 2133 sexag.
1309 2098 1363 2133 gr.

494 2199 605 2251 437
981 2199 1075 2248 III.
1119 2198 1164 2248 C.
1204 2201 1248 2247 5.
1288 2209 1352 2252 (Υ.
1378 2210 1425 2243 ΙΙ.
1456 2211 1483 2243 1.
1511 2221 1543 2243 u.
1568 2211 1640 2251 50.)

355 2293 497 2332 chart.
529 2303 644 2332 saec.
677 2291 768 2331 XV
782 2291 847 2343 ff.
880 2292 977 2341 265,
1008 2292 1237 2332 30·5><21
1272 2304 1354 2332 cm.
1388 2293 1425 2332 d.
1461 2305 1518 2332 m.

521 2373 564 2413 S.
594 2373 824 2413 Johannis
855 2373 1185 2424 Chrysostomi
1219 2373 1544 2413 Homiliarium
1576 2384 1716 2424 super
1747 2373 2041 2413 Matthaeum.

492 2442 518 2481 f.
558 2445 572 2482 1
610 2445 790 2490 (rubrio.)
825 2442 1000 2493 »Incipit
1030 2442 1306 2481 Omeliarium
1341 2454 1375 2481 s.
1411 2445 1542 2492 patris
1565 2445 1698 2482 nostri
1719 2442 1930 2482 Johannis
1953 2442 2210 2483 Crisostomi

353 2501 665 2551 archiepiscopi
698 2499 1167 2551 Constantinopolitani
1200 2511 1330 2551 super
1361 2499 1598 2539 Matheum.
1663 2498 1899 2551 Oportebat
1931 2502 2131 2552 quidem«
2167 2503 2210 2538 ><

353 2558 379 2597 f.
413 2557 515 2597 2652
545 2561 686 2605 (rubr.)
721 2557 930 2608 »Explicit
960 2559 1229 2597 omeliarium
1260 2557 1472 2597 johannis
1504 2557 1761 2597 Crisostomi
1809 2569 1940 2609 super
1986 2557 2210 2598 Matheum

354 2616 436 2654 deo
468 2618 649 2666 gracias.
682 2614 829 2654 Mueff.
862 2615 985 2666 pueff
1014 2615 1153 2667 (sic).«

490 2687 718 2723 Homiliario
750 2687 841 2722 huic
872 2689 1019 2733 passim
1051 2688 1260 2733 inscriptae
1294 2690 1385 2722 sunt
1416 2690 1530 2722 notae
1562 2687 1602 2721 in
1649 2690 1834 2732 margine,
1884 2688 2026 2733 quibus
2074 2693 2211 2724 auctor

350 2745 688 2780 vehementissime
730 2745 925 2780 invehitur
954 2745 993 2779 in
1025 2755 1165 2790 papam
1198 2751 1234 2780 et
1266 2745 1423 2780 clerum.
1455 2743 1561 2779 Idem
1591 2744 1630 2779 in
1662 2744 1798 2779 vacuis
1831 2745 1868 2781 ff.
1903 2740 2112 2781 63b—64·
2143 2757 2215 2793 po-

352 2804 429 2838 suit
459 2804 708 2838 tractatulum
744 2804 817 2838 »de
850 2803 1120 2838 antichristo«.
1154 2802 1278 2838 Vetus
1310 2803 1411 2847 sign.
1447 2802 1480 2836 A
1512 2801 1578 2847 (?),
1617 2802 1679 2837 10.

489 2913 604 2965 438
975 2914 1070 2963 III.
1110 2914 1166 2962 E.
1209 2914 1250 2962 7.
1290 2924 1349 2965 (Y.
1375 2923 1423 2957 II.
1452 2926 1482 2956 1.
1508 2934 1541 2956 n.
1566 2925 1636 2963 51.)

350 3007 493 3046 chart.
528 3019 570 3046 a.
603 3007 800 3059 1410ff.
833 3008 920 3049 263
949 3019 1087 3056 num„
1116 3007 1301 3048 30><21
1337 3018 1418 3046 cm.
1451 3007 1472 3045 1
1509 3018 1566 3045 m.

348 3087 599 3138 (Johannis
645 3088 766 3140 Hus)
811 3088 1009 3128 Lectura
1053 3098 1195 3184 ευρῖι·
1240 3090 1437 3194 ςέιαῖὲιῧι·
1481 3086 1624 3126 libros
1680 3063 2017 3128 sententiarum
2068 3088 2211 3140 (Petri

1184 3155 1261 3184 om
1292 3155 1344 3183 ar
1376 3155 1389 3182 ι
1416 3173 1425 3182 .

486 3214 513 3253 f.
553 3215 594 3254 1³
628 3215 751 3254 Pater
781 3218 824 3254 et
853 3214 967 3253 filius
999 3219 1040 3253 et
1072 3216 1246 3264 spiritus
1279 3217 1458 3251 sanctus
1490 3212 1604 3251 idem
1634 3212 1788 3252 deus«.
1822 3214 1865 3251 ><
1896 3214 1921 3252 f.
1956 3213 2062 3254 263¹>
2112 3217 2209 3266 »qui

348 3274 568 3310 concessit
599 3273 752 3312 librum
785 3274 1096 3311 sententiarum
1130 3281 1251 3321 mgro
1284 3270 1406 3309 Petro
1439 3270 1580 3309 divine
1614 3273 1819 3309 memorie
1847 3282 2110 3322 componere
2132 3283 2209 3323 pro

1251 3416 1314 3448 170
