2476 3782
1148 279 1234 319 224

390 425 418 466 s.
451 422 680 463 237-416
711 421 962 462 Sermones
994 417 1168 458 diversi
1199 415 1448 456 maximam
1479 417 1656 465 partem
1690 414 1746 453 de
1777 413 1818 452 b.
1851 410 1998 451 Maria
2027 411 2121 451 vir-

249 483 372 535 gine,
405 493 589 534 quorum
620 491 737 520 unus
767 482 810 518 in
842 477 870 517 f.
913 476 1022 516 372³
1063 476 1179 515 hunc
1227 474 1359 514 habet
1402 470 1558 512 finem:
1625 471 1832 522 »Explicit
1873 480 2018 508 sermo
2066 470 2120 508 de

248 543 544 592 concepcione
574 539 679 590 glor.
709 539 815 587 virg.
847 547 924 587 per
954 546 1023 574 me
1055 532 1254 574 Crucem
1285 532 1340 572 de
1370 530 1502 571 Telcz
1533 529 1582 569 in
1612 529 1760 569 Plana
1791 539 1830 567 a.
1857 524 2005 566 1472«
2041 526 2121 566 His

252 598 529 639 sermonibus
559 599 721 636 inserta
751 597 844 634 est:

389 667 416 707 f.
448 665 531 706 377
563 664 697 706 Bulla
727 663 783 704 de
815 660 1121 712 conceptione
1152 660 1193 699 b.
1215 657 1413 710 virginis
1436 656 1606 709 synodi
1628 655 1907 696 Basiliensis
1930 666 1968 694 a.
1995 653 2119 694 1439.

246 730 368 773 (cum
400 728 505 765 nota
534 722 687 764 Crucis
719 721 760 762 d.
792 719 868 761 T.:
921 718 1012 759 »De
1057 718 1248 769 originali
1283 717 1397 756 bulla
1428 726 1610 767 presens
1642 717 1768 765 copia
1799 717 1867 753 est
1897 715 2117 764 scripta‹).

388 795 525 832 Codex
556 805 606 830 ex
637 793 729 830 bibl.
764 790 1055 837 Rosenbergica
1105 790 1143 825 in
1177 793 1346 825 monast.
1378 786 1628 823 Trebonense
1659 790 1695 821 et
1726 786 1816 821 inde
1849 786 1898 821 ad
1930 795 2002 820 nos
2035 794 2118 831 per·

248 854 365 892 venit.

386 963 493 1018 223
1077 960 1114 1009 I.
1153 959 1208 1008 E.
1246 959 1328 1008 38.

242 1060 390 1100 chart.
422 1070 466 1099 a.
498 1056 626 1105 1459,
644 1055 826 1108 ff.370,
857 1055 975 1095 22><
992 1055 1051 1095 15
1077 1067 1160 1094 cm.
1193 1064 1337 1092 manu
1374 1050 1582 1092 Udalrici
1614 1048 1774 1091 Crucis
1794 1050 1847 1090 de
1870 1049 1905 1090 T
1904 1051 1989 1090 elcz
2011 1061 2117 1090 exa-

244 1119 393 1158 ratus,

381 1195 614 1238 Johannis
639 1194 854 1236 Versoris
887 1196 1077 1245 magistri
1111 1193 1366 1232 Parisiensis
1397 1189 1642 1242 Expositio
1673 1190 1946 1231 Aristotelis
1977 1190 2115 1231 libro-

242 1266 349 1296 rum
377 1253 704 1306 philosophiae
735 1251 961 1292 naturalis
993 1251 1310 1303 (physicorum,
1344 1249 1408 1289 De
1441 1249 1563 1289 coelo
1595 1252 1638 1288 et
1668 1249 1847 1296 mundo,
1891 1247 1954 1287 De
1985 1260 2115 1300 gene-

244 1316 409 1354 ratione
441 1316 483 1352 et
513 1314 799 1363 corruptione,
847 1309 1039 1358 Meteon,
1082 1308 1146 1348 De
1192 1311 1338 1348 anima
1369 1312 1411 1347 et
1442 1306 1650 1346 nonnull.
1696 1317 1948 1357 parvorum
1980 1310 2114 1347 natu-

240 1371 446 1420 ralium).

387 1440 414 1480 f.
447 1439 556 1480 365ιι
591 1439 670 1479 »Et
700 1441 742 1478 in
774 1440 857 1478 hoc
890 1439 1144 1477 terminatur
1174 1438 1398 1487 exposicio
1445 1435 1621 1486 phi(sic)
1669 1435 1875 1474 naturalis
1923 1436 2111 1487 philoso-

241 1500 341 1551 phie
373 1498 488 1539 edita
518 1499 825 1549 questionatim
858 1507 935 1547 per
963 1494 1020 1535 M.
1054 1494 1299 1534 Johannem
1332 1493 1494 1533 dictum
1525 1491 1689 1532 Versor
1719 1495 1761 1532 in
1809 1493 1953 1532 studio
2000 1495 2112 1533 alme

242 1559 533 1597 universitatis
565 1555 833 1603 Parisiensis‚
881 1554 1094 1604 allataque
1126 1564 1203 1604 per
1231 1551 1345 1603 Mag.
1378 1549 1691 1590 Wenceslaum
1725 1551 1778 1590 de
1810 1550 1989 1600 Wrben‚
2037 1553 2112 1591 ad-

241 1616 327 1655 huc
360 1626 412 1654 eo
444 1618 627 1666 protunc
660 1613 945 1652 baccalaureo
978 1613 1204 1659 existente,
1236 1609 1358 1649 finita
1389 1620 1464 1660 per
1495 1608 1693 1649 Crucem
1742 1610 1797 1649 de
1843 1608 1975 1650 Telcz
2021 1614 2110 1649 stu-

237 1673 415 1713 dentem
447 1675 490 1712 in
522 1672 702 1722 collegio
735 1673 847 1721 regis
894 1668 1144 1709 Wenceslai
1191 1668 1264 1708 fer.
1313 1666 1380 1707 IIII
1412 1670 1454 1706 in
1485 1667 1669 1706 vinculis
1703 1678 1736 1706 s.
1771 1667 1879 1707 Petri
1911 1680 1948 1707 a.
1986 1667 2109 1710 1459.

377 1741 406 1783 f.
438 1737 712 1781 365b,370b
746 1738 1003 1790 Registrum.
1043 1737 1182 1778 »Finis
1216 1738 1432 1777 titulorum
1480 1740 1522 1776 et
1567 1739 1846 1788 questionum
1878 1737 1972 1777 Joh.
2006 1737 2110 1778 Ver-

239 1802 351 1840 soris
383 1810 516 1851 super
546 1799 678 1838 libros
710 1797 953 1837 Aristotelis
986 1797 1193 1836 naturalis
1216 1795 1488 1847 philosophie
1521 1798 1563 1834 et
1594 1806 1827 1846 paworum
1848 1796 2108 1836 naturalium

236 1869 314 1909 per
343 1868 413 1897 me
445 1856 619 1896 fratrem
652 1855 837 1896 Crucem
871 1855 924 1894 de
956 1853 1089 1894 Telcz
1121 1857 1163 1893 in
1195 1855 1462 1893 monasterio
1493 1851 1794 1892 Trzebonensi
1836 1854 1919 1893 sub
1951 1855 2108 1894 abbate

236 1913 399 1964 Marco,
452 1917 590 1966 priore
622 1913 820 1953 Johanne
854 1913 907 1951 de
939 1911 1123 1952 Tisnow
1154 1924 1191 1952 a.
1227 1912 1267 1951 d.
1306 1910 1414 1951 1495
1446 1913 1487 1949 in
1521 1910 1588 1949 die
1635 1910 1942 1951 Panthaleonis
1974 1915 2016 1952 in
2048 1916 2107 1952 vi-

234 1974 338 2025 gilia
366 1971 572 2013 Martha«

373 2044 433 2081 Ex
464 2044 822 2090 subscriptionibus
854 2042 1100 2088 singulorum
1132 2042 1393 2088 expositionis
1424 2041 1609 2076 librorum
1652 2045 1757 2087 patet
1788 2042 1956 2078 scribam
1981 2047 2105 2079 totum

233 2103 410 2139 codicem
442 2103 604 2139 dimidio
637 2112 741 2137 anno
780 2100 886 2136 1459
921 2110 1118 2137 exarasse.
1151 2099 1212 2135 Ad
1245 2109 1397 2135 asseres
1429 2099 1601 2144 adligata
1631 2103 1724 2135 sunt
1749 2099 1966 2146 fragmenta
1987 2111 2106 2137 mem-

233 2161 345 2199 bran.
377 2162 582 2198 cuiusdam
614 2159 763 2196 codicis
795 2158 965 2194 hebraici
997 2168 1101 2195 saec.
1133 2156 1386 2194 XIII—XIV.
1419 2156 1518 2192 Cum
1550 2157 1728 2203 superior
1756 2168 1846 2204 pars
1878 2158 1959 2195 folii
1992 2161 2104 2206 primi

232 2219 417 2255 consulto
449 2220 500 2255 sit
531 2219 723 2263 abscissa,
756 2227 1033 2264 possessorum
1066 2220 1158 2252 nota
1191 2217 1352 2252 omnino
1383 2217 1504 2260 deest,
1546 2216 1615 2251 sed
1648 2216 1817 2251 dubitari
1851 2227 1931 2253 non
1962 2222 2105 2264 potest,

233 2278 332 2323 quin
365 2278 492 2313 codex
523 2276 750 2312 monasterii
782 2274 1044 2311 Tiebonensis
1076 2274 1200 2310 fuerit.

373 2411 486 2464 224
1055 2410 1093 2459 I.
1131 2409 1187 2458 E.
1224 2409 1304 2458 39.

230 2506 377 2546 chart.
407 2516 525 2545 saec.
556 2503 648 2544 XV
667 2504 723 2557 ff
754 2505 840 2544 327
871 2516 1011 2553 num„
1041 2503 1232 2544 22><16
1262 2515 1345 2543 cm.
1378 2504 1419 2543 d.
1451 2515 1511 2542 m.

371 2585 398 2626 f.
435 2583 617 2626 1⁸—40b
663 2585 919 2626 Alexandri
981 2585 1073 2625 frat.
1122 2585 1212 2625 ord.
1276 2596 1404 2625 erem.
1459 2596 1494 2624 s,
1546 2585 1671 2635 Aug„
1725 2590 1880 2636 postea
1920 2587 2101 2628 abbatis

233 2643 584 2684 Cantuariensis
614 2643 907 2684 Tractatulus
939 2644 994 2683 de
1026 2646 1260 2694 potestate
1292 2642 1623 2684 ecclesiastica.
1675 2642 1794 2683 »Hoc
1827 2648 1895 2683 est
1925 2656 2100 2694 nomen,

230 2702 351 2754 quod
381 2702 602 2741 vocabunt
633 2713 758 2741 eum«
795 2702 839 2739 ><
875 2701 1016 2741 »Finis
1074 2704 1189 2741 tercii
1237 2704 1444 2740 tractatus
1477 2701 1530 2740 de
1563 2701 1664 2740 eccl.
1699 2705 1785 2752 pot.
1819 2702 1962 2742 editus
1994 2715 2021 2742 a
2052 2704 2098 2744 fr.

232 2760 282 2800 A.
316 2770 439 2799 sacre
471 2762 626 2810 pagine
658 2760 905 2811 professore
938 2759 1050 2799 fratr.
1084 2760 1244 2799 herem.
1283 2770 1318 2799 s.
1352 2759 1621 2810 Augustini«

370 2840 396 2880 s.
428 2839 645 2879 41²³1—-57b
695 2840 939 2881 Tractatus
972 2845 1137 2881 contra
1183 2840 1447 2881 haereticos
1503 2844 1549 2881 et
1604 2839 1935 2882 schismaticos
1977 2842 2101 2895 (pau-

231 2910 357 2950 peres
415 2898 467 2937 de
531 2898 777 2950 Lugduno).
855 2898 1011 2938 »Fides
1072 2898 1285 2938 catholica
1344 2898 1676 2939 fundamentum
1739 2902 1830 2938 est«
1886 2901 1929 2938 ><
1990 2900 2099 2942 »Ex-

231 2957 345 3007 plicit
376 2959 582 2996 tractatus
614 2961 764 2996 contra
795 2957 1009 2997 hereticos
1041 2960 1083 2996 et
1114 2958 1388 2996 scismaticos
1421 2960 1463 2995 et
1492 2956 1640 2996 finitus
1689 2969 1725 2997 a.
1775 2957 1813 2997 d.
1863 2959 2098 3008 (scissura)

228 3013 319 3054 VllI
352 3013 420 3053 die
451 3017 616 3053 mensis
652 3013 948 3054 Novembris«

367 3081 394 3122 f.
426 3079 641 3122 58a-62b
673 3086 907 3132 (anepigr.:)
939 3084 1181 3125 Tractatus
1215 3085 1269 3123 de
1315 3095 1541 3135 processu
1588 3084 1757 3125 iudicii.
1825 3086 2097 3137 »Antequam

227 3140 283 3179 de
315 3151 526 3191 processu
558 3141 698 3180 iudicii
731 3142 919 3182 dicatur«
956 3144 998 3179 ><
1035 3146 1102 3181 »et
1132 3144 1316 3192 cot-ligat
1347 3146 1613 3182 sentenciam
1638 3155 1702 3182 vet
1735 3142 1934 3184 infirmet.
1968 3143 2021 3183 Et
2044 3145 2096 3183 de

228 3199 310 3237 hiis
342 3198 546 3237 omnibus
579 3198 692 3238 dicta
724 3199 982 3241 sufficiant«
1035 3198 1195 3248 (Tract.
1246 3200 1311 3239 hic
1359 3201 1455 3239 alibi
1503 3200 1688 3240 ,Iohanni
1737 3201 1937 3241 Andreae
1986 3201 2097 3241 salso

226 3255 498 3302 attribuitur).

1139 3405 1182 3439 87
