2476 3782
1105 265 1184 305 198

339 406 438 444 Cum
469 407 509 444 in
550 407 715 444 collecta
754 406 779 444 f.
816 406 894 443 165
927 407 995 443 fiat
1026 407 1150 443 oratio
1182 416 1251 453 pro
1286 407 1453 442 »abbate
1496 411 1675 452 nostro«,
1716 406 1814 443 liber
1843 417 1912 453 pro
1946 418 2082 443 mona-

192 466 312 502 sterio
345 466 518 512 quodam
559 465 611 512 (s.
645 464 824 502 Coronae
838 461 869 514 i)
913 468 1097 501 exaratus
1129 474 1215 500 esse
1247 466 1412 509 videtur,
1446 466 1553 511 quod
1587 466 1751 511 propius
1783 466 1963 511 signatur
1993 475 2080 501 ora-

191 523 300 560 tione
347 527 532 570 sequente
581 534 676 570 »pro
718 522 1022 569 congregatione
1070 527 1106 559 et
1147 522 1295 558 familia
1336 523 1398 558 dei
1438 523 1638 568 genitricis
1680 522 1826 558 Mariae
1874 523 2079 569 sanctique

192 580 436 619 Adalberti.«
472 580 652 618 Observa
682 581 798 617 etiam
830 580 1005 617 officium
1037 582 1084 616 de
1117 579 1289 627 Corpore
1323 579 1467 616 Christi
1498 583 1538 616 in
1570 582 1645 616 fine
1678 582 1828 617 codicis
1861 581 1938 616 alia
1960 591 2078 616 manu

193 639 371 676 additum
413 649 514 676 esse.
554 639 650 676 [tem
691 638 866 675 officium
907 640 955 675 de
1002 639 1136 674 decem
1177 638 1351 674 millibus
1385 642 1613 685 martyrum,
1658 641 1704 675 de
1737 650 1769 677 s,
1802 639 1931 683 Anna,
1965 640 2011 675 de
2045 649 2077 675 s.

191 695 372 744 Quirino.

336 808 427 863 196
996 809 1036 858 I.
1089 809 1146 858 E.
1184 808 1265 858 11.

193 902 446 944 membran.
477 913 594 944 saec,
624 900 903 942 XII—XIII
923 902 975 956 ff.
1006 901 1077 952 94,
1108 902 1164 943 27
1181 903 1226 940 ><
1242 902 1300 943 20
1329 914 1414 943 cm.
1447 902 1505 943 ab
1548 915 1636 944 uno
1667 902 1822 943 scriba
1853 904 2079 955 eleganter

192 962 413 1002 exaratus
441 962 483 1001 et
510 959 789 1009 rubricatus,
823 961 886 1001 lit.
927 960 1024 1001 init.
1058 961 1187 1014 capit.
1221 962 1260 1001 et
1289 961 1458 1002 uncial.
1490 961 1615 1002 varii
1643 961 1808 1002 coloris
1838 963 2080 1002 exornatus

190 1019 235 1060 et
262 1019 383 1060 notis
411 1018 611 1068 musicis,
645 1029 760 1071 qnae
790 1018 1009 1060 dicuntur
1038 1030 1241 1067 neumae,
1273 1019 1533 1060 instructus.

338 1099 685 1140 Lectionarium
716 1099 772 1140 de
801 1102 1015 1151 tempore
1048 1103 1096 1140 et
1125 1100 1181 1141 de
1213 1100 1405 1151 sanctis,
1437 1103 1556 1141 initio
1589 1101 1847 1141 mutilatum.

338 1157 366 1198 s.
414 1158 456 1198 1·
504 1157 763 1207 »credendo‚
810 1162 859 1198 ut
902 1158 1167 1199 habundetis
1214 1162 1257 1199 in
1299 1170 1378 1211 spe
1427 1162 1470 1199 et
1513 1162 1668 1199 virtute
1713 1162 1889 1211 spiritus
1923 1162 2075 1198 sancti.

190 1213 386 1265 (Rubr.:)
417 1215 648 1256 Dominiea
678 1215 754 1255 III«
791 1218 851 1265 (in
884 1216 1109 1268 adventu).
1142 1217 1170 1257 f.
1215 1216 1289 1256 79·
1330 1217 1500 1257 rubrica
1541 1217 1639 1257 festi
1683 1229 1718 1257 s.
1756 1217 2075 1257 ›Wenzeslai‹.

190 1272 220 1314 f.
252 1272 328 1314 94·
357 1274 572 1314 absolutis
603 1275 862 1314 lectionibus
894 1277 937 1314 in
970 1275 1242 1315 dedicatione
1275 1278 1438 1316 inserta
1468 1279 1536 1315 est
1567 1287 1701 1315 manu
1733 1277 1958 1315 recentiori
1979 1274 2077 1314 XIV

190 1331 262 1372 vel
290 1331 373 1372 XV
403 1343 520 1373 saec.
552 1333 678 1373 lectio
710 1332 899 1372 infesto
932 1336 1111 1384 spineae
1144 1344 1346 1374 coronae.

335 1403 483 1440 Ibidem
515 1405 683 1441 occurrit
710 1409 805 1441 nota
836 1415 955 1440 manu
987 1405 1110 1441 multo
1152 1407 1356 1441 recentiori
1389 1403 1512 1455 (saec.
1558 1404 1686 1452 XVII)
1734 1406 1940 1452 prudenter
1981 1405 2076 1442 false

189 1461 346 1500 addita:
382 1461 522 1498 »Liber
551 1462 807 1509 epistolarum
837 1462 954 1499 Anno
993 1463 1141 1499 1401.<‹
1176 1462 1221 1499 In
1252 1465 1420 1500 eundern
1452 1474 1617 1500 errorem
1648 1464 1833 1500 inducere
1865 1464 1949 1500 vult
1980 1468 2075 1500 nota

191 1528 296 1558 saec.
328 1518 439 1557 XVII
470 1531 680 1557 occurrens
721 1522 762 1557 in
809 1520 932 1558 fronte
964 1518 1032 1558 fol.
1074 1522 1089 1557 1
1130 1521 1271 1558 »Liber
1300 1522 1528 1558 monasterii
1559 1521 1603 1559 B.
1638 1521 1686 1559 V.
1719 1524 1759 1558 in
1801 1521 1911 1557 Plass
1943 1522 2077 1558 catha-

188 1576 282 1624 logo
323 1578 392 1616 lib.
435 1578 650 1625 inscriptus
695 1579 770 1616 Ao.
818 1579 967 1624 1399«,
1013 1580 1238 1626 praesertim
1283 1590 1373 1616 cum
1415 1590 1600 1616 numerus
1637 1580 1659 1616 3
1694 1579 1864 1626 scriptus
1906 1581 1958 1616 sit
1987 1580 2076 1617 loco

187 1644 317 1672 eraSO.
364 1635 408 1672 In
439 1638 611 1683 margine
652 1636 679 1674 f.
714 1637 785 1673 29·
817 1641 1145 1674 commemoratur
1175 1638 1278 1684 ignis
1311 1638 1349 1675 9.
1384 1649 1464 1685 apr.
1505 1637 1610 1675 1659
1644 1639 1693 1674 ab
1734 1639 1985 1674 incendiariis
2017 1638 2075 1685 (in

189 1697 360 1732 monast.
402 1694 622 1742 Plassensi)
662 1697 830 1742 positus,
873 1697 941 1731 sed
983 1695 1146 1732 feliciter
1186 1707 1210 1732 a
1251 1695 1433 1733 fratribus
1467 1698 1675 1733 extinctus.
1719 1696 1914 1743 Operculo
1946 1707 2075 1743 super.

190 1751 480 1798 adglutinatum
513 1756 594 1789 erat
626 1764 648 1789 a
678 1753 841 1800 ligatore
875 1763 979 1791 saec.
1012 1753 1087 1789 XV
1116 1754 1183 1791 fol.
1216 1765 1341 1790 unum
1370 1755 1588 1791 lectionarii
1621 1756 1757 1799 nostri,
1790 1756 1830 1790 in
1862 1765 1939 1801 quo
1971 1755 2073 1791 idem

188 1809 320 1847 scriba
349 1815 582 1847 exaraverat
611 1811 819 1848 lectionem
852 1813 1050 1858 quandam
1081 1812 1256 1854 Danielis
1288 1813 1513 1860 prophetae.
1536 1813 1595 1849 Ex
1617 1814 1854 1849 monasterio
1877 1812 2076 1849 Plassensi

187 1869 273 1906 ord.
307 1867 596 1906 cisterciensis,

333 1980 421 2035 197
993 1982 1033 2032 I.
1070 1984 1127 2033 E.
1166 1985 1247 2033 12.

189 2074 445 2116 membran.
475 2086 592 2116 saec.
614 2075 732 2116 XIV
748 2076 803 2129 ff.
823 2076 892 2125 88,
924 2077 982 2118 29
998 2078 1043 2116 ><
1058 2078 1112 2119 21
1136 2090 1220 2120 cm.
1253 2079 1311 2119 ab
1329 2091 1418 2119 nno
1433 2078 1589 2120 scriba
1611 2079 1838 2132 eleganter
1858 2080 2077 2120 exaratus

189 2134 234 2173 et
261 2132 541 2182 rubricatus,
573 2134 654 2175 litt.
687 2134 781 2174 init.
807 2135 1054 2187 picturatis
1085 2136 1197 2190 (nna
1227 2137 1274 2177 in
1294 2136 1338 2189 f.
1371 2138 1446 2179 16·
1476 2136 1721 2187 deaurata)
1755 2140 2014 2178 exornatus.

333 2214 470 2255 Liber
498 2218 741 2267 troporum
772 2219 820 2256 et
849 2216 1133 2268 hymnorum
1163 2218 1401 2270 perpetuis
1434 2219 1559 2260 notis
1582 2218 1776 2259 musicis
1799 2218 2072 2260 instructus.

333 2284 362 2324 f.
400 2284 537 2324 1—15
567 2284 714 2337 Tropi.
747 2285 774 2325 f.
814 2285 981 2328 16—88
1012 2287 1189 2339 Hymni.

333 2398 425 2452 198
999 2403 1038 2452 I.
1076 2403 1134 2452 E.
1172 2403 1253 2452 13.

186 2491 333 2533 chart.
363 2503 480 2534 saec.
511 2492 627 2533 XIV
637 2494 700 2548 ff.
731 2495 830 2545 146,
863 2496 1054 2537 29)(22
1084 2509 1168 2538 cm.
1200 2497 1242 2538 d.
1275 2510 1334 2539 m.

333 2573 361 2614 f.
399 2574 544 2616 12—8·
574 2578 787 2627 (anepigr.)
819 2577 1047 2630 Expositio
1080 2590 1161 2618 seu
1193 2582 1422 2631 registrum
1455 2581 1686 2620 cuiusdam
1719 2581 1806 2620 libri
1841 2584 2071 2620 canonico-

188 2631 354 2672 iuridici
394 2636 586 2684 pessime
629 2638 850 2687 scriptum.
894 2636 1004 2677 Ine:
1051 2636 1297 2689 »Quoniam
1330 2642 1589 2679 constitucio
1636 2639 1873 2690 apostolice
1907 2639 2069 2679 sedis«.

189 2687 307 2729 Finis
338 2691 507 2731 calamo
540 2692 720 2734 deletus.

332 2758 359 2799 f.
393 2757 580 2801 Sb—IOb
612 2764 824 2812 (anepigr.)
856 2764 1019 2804 Sermo
1052 2763 1107 2804 de
1128 2765 1361 2816 praelatis.
1400 2764 1819 2816 »Congregabuntur
1839 2765 1910 2805 filii
1928 2765 2063 2806 Juda«

186 2816 519 2925 {meiisissssifflina
551 2821 679 2859 simul
720 2832 820 2861 cum
854 2822 1067 2862 thabulis«
1118 2823 1279 2875 (cetera
1310 2823 1471 2863 desunt
1511 2824 1611 2863 folio
1644 2824 1823 2863 dimidio
1856 2830 2067 2875 sequente

332 2945 359 2985 f.
399 2946 600 2986 112—21·
631 2947 876 2999 Expositio
909 2949 1136 2990 orationis
1168 2949 1427 2990 dominicae
1459 2950 1594 2990 initio
1627 2950 1854 2990 mutilata.

331 3014 359 3054 f.
393 3015 603 3056 21⁸-352
635 3017 879 3069 Expositio
911 3018 1136 3059 orationis
1168 3019 1269 3059 Ave
1309 3019 1469 3059 Maria.
1507 3020 1643 3059 »Audi
1675 3020 1761 3059 filia
1793 3024 1834 3060 et
1863 3021 1988 3061 vide«
2026 3023 2068 3059 ><

194 3071 406 3124 »Explicit
437 3085 550 3125 opus
583 3085 714 3126 super
745 3076 837 3115 Ave
869 3075 1045 3117 Maria«

333 3130 360 3170 f.
393 3130 608 3172 3-521—38b
640 3133 891 3174 Sermones
924 3135 1030 3184 duo,
1063 3136 1104 3175 d.
1137 3135 1180 3175 S.
1214 3135 1425 3185 Philippo
1457 3138 1503 3175 et
1529 3135 1584 3175 de
1607 3135 1852 3176 nativitate
1879 3137 2067 3177 domini.

333 3188 359 3228 f.
394 3187 610 3229 392-651’
642 3194 854 3240 (anepigr.)
884 3191 1223 3233 Vocabularius
1266 3192 1454 3242 latinus,
1498 3204 1584 3244 quo
1626 3205 1761 3233 voces
1804 3198 1948 3234 minus
1981 3199 2067 3234 usi-

192 3249 306 3286 tatae
339 3247 619 3298 explicantur,
653 3252 863 3300 incipiens
896 3252 951 3290 ab
988 3251 1188 3295 »Abies«,
1223 3251 1430 3290 desinens
1463 3253 1504 3290 in
1536 3263 1691 3291 vocem
1727 3252 1991 3293 »Zinziber«.

1104 3400 1148 3432 73
