2476 3782
1056 256 1163 296 1415

321 393 421 447 Ι4ΙΙ
922 393 1063 445 VIII.
1101 395 1162 444 A.
1190 396 1235 443 6.

181 489 328 530 chart.
362 500 405 529 a.
438 488 628 543 1752ff.
660 489 758 540 103,
789 489 1026 530 37·5><26
1055 501 1139 529 cm.
1177 489 1194 529 l
1229 501 1288 529 m.

178 568 305 611 Ossa
349 581 543 622 magnae
591 569 754 610 matris
801 573 847 610 et
887 568 1100 619 filiarum,
1144 569 1245 609 sive
1286 569 1522 620 Reliquiae
1568 568 1820 610 historicae
1852 568 2055 621 inclytae

180 628 349 669 domus
380 627 425 669 S.
458 628 622 669 Crucis
652 627 843 668 Maioris
873 627 1240 679 Vetero-Pragae
1261 627 1638 678 reliquorumque
1658 627 1948 677 prioratuum
1975 638 2058 678 per

180 684 420 726 Boemiam
465 697 503 727 s.
553 685 766 727 canonici
812 685 989 726 ordinis
1035 684 1394 736 Crucigerorum
1442 696 1548 725 cum
1594 684 1753 725 Rubeo
1802 685 1952 726 Corde
1999 685 2054 725 de

179 742 470 784 Poenitentia
514 743 767 785 Beatorum
806 743 1078 795 Martyrum,
1121 742 1341 783 collectae
1386 753 1468 794 per
1497 742 1728 782 Joannem
1760 742 1862 783 Car.
1894 743 2056 794 Aloys.

181 800 316 842 Rohn
355 801 569 842 Boemum
614 801 1064 853 Reichenbergensem
1093 833 1101 841 .
1129 833 1137 841 .
1165 832 1173 841 .
1202 835 1208 841 .
1253 801 1425 852 capituli
1458 800 1657 840 eiusdem
1691 800 1734 841 S.
1769 800 1921 841 Crucis
1955 813 1995 852 p.
2029 805 2055 840 t.

180 862 410 900 notarium.
447 857 570 900 1752.

319 941 362 978 In
393 942 467 978 fine
498 946 590 978 sunt
621 942 886 979 additamenta
921 943 1114 989 quaedam
1145 951 1270 988 usque
1303 941 1352 976 ad
1385 951 1419 977 a.
1448 939 1568 977 1759.
1593 940 1684 977 Sine
1707 941 1827 977 dubio
1847 952 1866 976 e
1889 943 2057 978 canonia

181 999 221 1037 S.
255 998 391 1037 Crucis
423 999 597 1036 Maioris.

326 1110 444 1164 1412
802 1109 942 1161 VIII.
981 1112 1042 1161 A.
1084 1112 1126 1161 7.
1150 1121 1269 1166 (Y.H.
1294 1123 1328 1155 2.
1355 1132 1389 1155 n.
1414 1121 1462 1163 2.)

182 1205 326 1247 chart.
355 1217 471 1246 saec.
504 1204 724 1246 XIV—X
731 1204 767 1245 V
774 1205 837 1259 ff
878 1205 976 1252 410,
1016 1206 1074 1246 39
1094 1205 1267 1257 ><27·5
1295 1216 1378 1244 cm.
1411 1205 1434 1244 1
1468 1216 1529 1244 m.
1561 1215 1665 1244 cum
1690 1204 1784 1245 init.
1809 1205 1912 1257 pict.

179 1285 306 1328 Petri
344 1286 401 1328 de
445 1286 600 1327 Ebano
645 1286 776 1335 (recte
823 1286 1006 1335 Abano)
1036 1285 1358 1326 Paduanensis
1391 1285 1678 1326 Conciliator
1719 1285 2058 1326 discordiarum

937 1343 1291 1385 medicinalium.

321 1413 349 1455 f.
387 1415 428 1455 1·
458 1415 600 1462 (rubr.)
635 1413 811 1465 »Incipit
831 1414 1081 1454 conciliator
1097 1414 1204 1455 disc.
1223 1413 1336 1454 med.
1357 1416 1559 1465 precipue
1578 1425 1654 1465 per
1670 1412 1842 1453 Petrum
1861 1413 2052 1453 Paduba·

181 1483 365 1513 nensem
398 1475 704 1512 constructus«
740 1471 915 1523 (atram.)
953 1471 1125 1512 »Unum
1158 1475 1199 1512 in
1233 1474 1440 1511 ternario«
1468 1472 1512 1509 ><
1534 1471 1560 1511 f.
1593 1470 1702 1511 410a
1735 1471 2058 1526 »p1erfruivale-

180 1541 336 1571 amus<
370 1528 594 1582 (Sequens
626 1532 791 1569 initium
824 1531 1156 1581 subscriptionis
1189 1530 1325 1569 cultro
1358 1531 1558 1570 excisum
1590 1526 1676 1583 est)
1713 1525 1924 1581 »Explicit
1954 1540 2059 1569 con-

181 1587 347 1628 ciliator
377 1589 521 1628 licium
539 1587 592 1637 (?)
634 1591 914 1627 constructus
956 1599 1032 1639 per
1062 1587 1233 1627 Petrum
1267 1587 1320 1627 de
1352 1587 1506 1627 Ebano
1539 1587 1876 1627 Paduanensem
1912 1587 2057 1628 Padue

188 1645 297 1687 1310
327 1644 456 1688 Cristi
487 1656 643 1686 anno.«
681 1644 745 1686 Cf.
780 1644 1029 1698 Sternberg,
1062 1645 1421 1685 Pssanzenkunde
1452 1646 1480 1693 Ι,
1513 1644 1583 1685 39.

323 1728 500 1766 Observa
533 1732 666 1765 notam
698 1729 952 1775 marginalem
982 1730 1023 1765 in
1053 1729 1078 1766 f.
1114 1729 1219 1765 288a
1251 1731 1298 1765 de
1329 1729 1409 1765 filio
1441 1730 1542 1776 regis
1574 1729 1804 1765 Bohemiae!

323 1851 336 1905 Ι
351 1851 448 1906 413
946 1852 1086 1902 VIII.
1123 1853 1186 1902 A.
1223 1853 1271 1902 8.

185 1945 436 1987 membran.
470 1958 512 1986 a.
545 1946 659 1987 1419
675 1946 735 2000 ff
768 1946 868 1998 504,
898 1946 1145 1998 34·5><24
1161 1958 1244 1987 cm.
1278 1948 1301 1987 1
1335 1959 1394 1986 m.
1429 1959 1545 1987 cum.
1578 1946 1671 1988 init.
1696 1946 1798 1999 pict.

385 2028 533 2070 Biblia
564 2039 698 2070 sacra
729 2027 916 2068 Veteris
948 2031 995 2068 et
1023 2027 1144 2069 Novi
1174 2027 1460 2068 Testamenti
1492 2039 1598 2068 cum
1628 2028 1849 2079 prologis.

324 2097 352 2139 f.
382 2097 659 2138 47822—504a
691 2098 1068 2149 Interpretationes
1090 2108 1251 2137 vocum
1273 2098 1573 2137 hebraicarum
1592 2098 1836 2137 secundum
1861 2098 2058 2137 ordinem

183 2155 414 2207 alphabeti.
447 2155 494 2196 In
526 2156 614 2196 fine
647 2157 784 2196 rubr.:
823 2154 942 2196 »Sub
974 2167 1011 2195 a.
1045 2155 1086 2195 d.
1122 2154 1233 2195 1419
1265 2156 1413 2196 finitus
1445 2159 1513 2195 est
1544 2156 1649 2195 liber
1679 2158 1759 2195 iste
1782 2155 1838 2194 IV
1860 2155 1933 2196 fer.
1960 2159 2061 2207 post

185 2213 346 2254 festum
379 2225 414 2255 s.
447 2213 557 2254 Galli
590 2226 667 2266 per
697 2225 856 2253 manus
888 2213 1174 2265 Sigismundi
1205 2213 1500 2254 de’Tustha«.

323 2284 383 2322 Ex
412 2286 585 2322 cartusia
615 2286 874 2322 Waldicensi.

329 2397 453 2451 1414
809 2398 948 2447 VIII.
986 2398 1048 2447 A.
1087 2399 1133 2447 9.
1162 2409 1221 2450 (Y.
1240 2409 1350 2443 [1].6.
1375 2420 1410 2443 n.
1437 2410 1505 2452 18.)

187 2491 332 2531 chart.
363 2501 481 2532 saec.
512 2490 754 2543 XVIIIff.
787 2491 885 2539 147,
916 2491 974 2532 32
993 2493 1043 2542 ><
1062 2492 1118 2533 19
1136 2504 1219 2532 cm.
1252 2492 1292 2532 d.
1326 2503 1386 2531 m.

192 2571 514 2612 »Paraenetica
553 2583 688 2613 sacra
729 2572 830 2613 sive
870 2572 1233 2614 Exhortationes
1278 2573 1562 2614 domesticae
1595 2573 1652 2613 ad
1682 2577 1839 2624 patres
1871 2573 2058 2614 fratres-

188 2640 276 2681 que
307 2629 488 2681 collegii
518 2629 563 2670 S.
593 2630 636 2671 J.
667 2631 844 2682 Pragae
876 2632 934 2672 ad
965 2631 1008 2671 S.
1032 2631 1322 2672 Clementem
1342 2632 1551 2672 habitae‹
1593 2631 1695 2683 (alia
1717 2643 1875 2672 manus
1898 2632 2018 2671 addit
2031 2635 2059 2680 z)

720 2690 916 2730 authore
945 2688 995 2729 P.
1026 2689 1213 2730 Andrea
1241 2690 1524 2741 Freiberger.

331 2800 450 2854 1415
814 2803 946 2854 VIII.
989 2805 1050 2855 A.
1092 2804 1172 2855 JO.
1216 2815 1353 2859 (xm.
1372 2816 1403 2848 5-
1430 2826 1464 2847 n.
1492 2816 1562 2857 19.)

189 2893 333 2935 chart.
365 2905 482 2936 saec.
514 2894 678 2936 XVIII
701 2897 759 2937 in.
781 2896 846 2949 ff
878 2898 977 2946 266,
1008 2899 1210 2950 33><20
1228 2910 1310 2939 cm.
1343 2898 1366 2938 1
1401 2910 1460 2938 m.

188 2974 387 3015 ,Ioannis
432 2975 706 3018 Bernardini
750 2979 918 3020 Arnolt
958 2980 1000 3021 S.
1044 2980 1086 3020 J.
1130 2980 1303 3020 sacerd.
1338 2979 1556 3019 Summae
1589 2979 1977 3029 concionatoriae,
2011 2979 2059 3019 in

187 3036 344 3073 tomos
374 3031 436 3072 IV
466 3033 725 3085 distinctae,
755 3040 914 3078 tomus
945 3037 975 3078 1.
1009 3037 1275 3088 Conceptus
1306 3036 1640 3088 praedicabiles
1673 3037 1720 3076 in
1751 3048 1916 3078 omnes
1948 3037 2058 3077 anni

702 3093 973 3136 dominicas.
1005 3095 1152 3145 (Tomi
1184 3098 1312 3135 ceteri
1345 3095 1538 3142 desunt.)

330 3171 438 3219 Opus
478 3173 554 3210 hoc
584 3185 607 3210 a
640 3174 905 3213 Concionibus
947 3178 1249 3214 dominicalibus
1291 3178 1465 3213 eiusdem
1498 3179 1673 3213 auctoris
1704 3177 1907 3223 Augustae
1940 3179 2056 3214 Vind.

191 3234 228 3266 et
258 3229 435 3276 Dilingae
466 3242 500 3268 a.
540 3229 646 3269 1709
679 3233 792 3270 editis
825 3236 1032 3282 discrepat.

1090 3382 1156 3414 527
