<?xml version="1.0" encoding="UTF-8"?>
<!DOCTYPE html PUBLIC "-//W3C//DTD XHTML 1.0 Transitional//EN"
    "http://www.w3.org/TR/xhtml1/DTD/xhtml1-transitional.dtd">
<html xmlns="http://www.w3.org/1999/xhtml" xml:lang="en" lang="en">
 <head>
  <title>
</title>
<meta http-equiv="Content-Type" content="text/html;charset=utf-8" />
  <meta name='ocr-system' content='tesseract 3.04.00' />
  <meta name='ocr-capabilities' content='ocr_page ocr_carea ocr_par ocr_line ocrx_word'/>
</head>
<body>
  <div class='ocr_page' id='page_1' title='image "./cataloguscodicum01praguoft_0466.png"; bbox 0 0 2476 3782; ppageno 0'>
   <div class='ocr_carea' id='block_1_1' title="bbox 1261 305 1367 345">
    <p class='ocr_par' dir='ltr' id='par_1_1' title="bbox 1261 305 1367 345">
     <span class='ocr_line' id='line_1_1' title="bbox 1261 305 1367 345; baseline -0.009 0"><span class='ocrx_word' id='word_1_1' title='bbox 1261 305 1367 345; x_wconf 81' lang='grc'><strong>1074</strong></span> 
     </span>
    </p>
   </div>
   <div class='ocr_carea' id='block_1_2' title="bbox 380 443 1648 589">
    <p class='ocr_par' dir='ltr' id='par_1_2' title="bbox 380 443 1648 589">
     <span class='ocr_line' id='line_1_2' title="bbox 521 443 1453 496; baseline -0.005 -1"><span class='ocrx_word' id='word_1_2' title='bbox 521 443 653 496; x_wconf 89' lang='grc'>1074</span> <span class='ocrx_word' id='word_1_3' title='bbox 1171 443 1251 493; x_wconf 86' lang='lat' dir='ltr'>VI.</span> <span class='ocrx_word' id='word_1_4' title='bbox 1295 443 1341 493; x_wconf 87' lang='lat' dir='ltr'><strong>C.</strong></span> <span class='ocrx_word' id='word_1_5' title='bbox 1374 443 1453 491; x_wconf 93' lang='grc'>16.</span> 
     </span>
     <span class='ocr_line' id='line_1_3' title="bbox 380 534 1648 589; baseline -0.002 -13"><span class='ocrx_word' id='word_1_6' title='bbox 380 536 524 576; x_wconf 80' lang='lat' dir='ltr'><em>chart.</em></span> <span class='ocrx_word' id='word_1_7' title='bbox 558 548 599 576; x_wconf 86' lang='lat' dir='ltr'>a.</span> <span class='ocrx_word' id='word_1_8' title='bbox 634 536 923 576; x_wconf 81' lang='lat'><strong><em>1759—1773</em></strong></span> <span class='ocrx_word' id='word_1_9' title='bbox 941 534 1004 587; x_wconf 76' lang='lat' dir='ltr'><strong><em>ff</em></strong></span> <span class='ocrx_word' id='word_1_10' title='bbox 1037 535 1136 586; x_wconf 79' lang='grc'>136,</span> <span class='ocrx_word' id='word_1_11' title='bbox 1168 537 1368 589; x_wconf 78' lang='grc'><em>35&gt;&lt;22</em></span> <span class='ocrx_word' id='word_1_12' title='bbox 1399 548 1482 577; x_wconf 86' lang='lat' dir='ltr'>cm.</span> <span class='ocrx_word' id='word_1_13' title='bbox 1516 536 1556 575; x_wconf 87' lang='lat' dir='ltr'><strong>d.</strong></span> <span class='ocrx_word' id='word_1_14' title='bbox 1589 548 1648 575; x_wconf 83' lang='lat' dir='ltr'>m.</span> 
     </span>
    </p>
   </div>
   <div class='ocr_carea' id='block_1_3' title="bbox 379 614 2250 725">
    <p class='ocr_par' dir='ltr' id='par_1_3' title="bbox 379 614 2250 725">
     <span class='ocr_line' id='line_1_4' title="bbox 384 614 2248 666; baseline -0.001 -11"><span class='ocrx_word' id='word_1_15' title='bbox 384 615 617 656; x_wconf 81' lang='lat' dir='ltr'>›Diarium</span> <span class='ocrx_word' id='word_1_16' title='bbox 650 616 861 666; x_wconf 87' lang='lat' dir='ltr'>quintum</span> <span class='ocrx_word' id='word_1_17' title='bbox 892 620 1153 657; x_wconf 90' lang='lat' dir='ltr'>conventus</span> <span class='ocrx_word' id='word_1_18' title='bbox 1180 617 1343 658; x_wconf 87' lang='lat' dir='ltr'>Matris</span> <span class='ocrx_word' id='word_1_19' title='bbox 1374 616 1629 657; x_wconf 90' lang='lat' dir='ltr'>Dolorosae</span> <span class='ocrx_word' id='word_1_20' title='bbox 1663 617 1711 656; x_wconf 92' lang='lat' dir='ltr'>in</span> <span class='ocrx_word' id='word_1_21' title='bbox 1743 614 2026 656; x_wconf 85' lang='lat' dir='ltr'>Rabenstein</span> <span class='ocrx_word' id='word_1_22' title='bbox 2070 614 2248 655; x_wconf 84' lang='lat' dir='ltr'>ordinis</span> 
     </span>
     <span class='ocr_line' id='line_1_5' title="bbox 379 671 2250 725; baseline -0.001 -11"><span class='ocrx_word' id='word_1_23' title='bbox 379 674 632 714; x_wconf 89' lang='lat' dir='ltr'>Servorum</span> <span class='ocrx_word' id='word_1_24' title='bbox 664 675 704 714; x_wconf 93' lang='lat' dir='ltr'><strong>b.</strong></span> <span class='ocrx_word' id='word_1_25' title='bbox 736 674 909 715; x_wconf 89' lang='lat' dir='ltr'>Mariae</span> <span class='ocrx_word' id='word_1_26' title='bbox 938 673 1063 725; x_wconf 89' lang='lat' dir='ltr'>Virg.</span> <span class='ocrx_word' id='word_1_27' title='bbox 1097 675 1152 714; x_wconf 87' lang='lat' dir='ltr'>ab</span> <span class='ocrx_word' id='word_1_28' title='bbox 1185 686 1308 715; x_wconf 89' lang='lat' dir='ltr'>anno</span> <span class='ocrx_word' id='word_1_29' title='bbox 1344 673 1453 715; x_wconf 87' lang='grc'><strong>1759</strong></span> <span class='ocrx_word' id='word_1_30' title='bbox 1485 685 1635 725; x_wconf 89' lang='lat' dir='ltr'>usque</span> <span class='ocrx_word' id='word_1_31' title='bbox 1666 674 1722 714; x_wconf 92' lang='lat' dir='ltr'>ad</span> <span class='ocrx_word' id='word_1_32' title='bbox 1745 685 1784 715; x_wconf 87' lang='lat' dir='ltr'>a.</span> <span class='ocrx_word' id='word_1_33' title='bbox 1811 671 1919 713; x_wconf 88' lang='grc'><strong>1773</strong></span> <span class='ocrx_word' id='word_1_34' title='bbox 1947 683 2108 713; x_wconf 89' lang='lat' dir='ltr'>mense</span> <span class='ocrx_word' id='word_1_35' title='bbox 2138 671 2250 713; x_wconf 83' lang='lat' dir='ltr'>Maii</span> 
     </span>
    </p>
   </div>
   <div class='ocr_carea' id='block_1_4' title="bbox 379 731 2250 887">
    <p class='ocr_par' dir='ltr' id='par_1_4' title="bbox 379 731 2250 887">
     <span class='ocr_line' id='line_1_6' title="bbox 985 731 1634 783; baseline 0 -12"><span class='ocrx_word' id='word_1_36' title='bbox 985 731 1305 783; x_wconf 89' lang='lat' dir='ltr'>conscriptum</span> <span class='ocrx_word' id='word_1_37' title='bbox 1338 735 1383 773; x_wconf 81' lang='lat' dir='ltr'>et</span> <span class='ocrx_word' id='word_1_38' title='bbox 1412 732 1634 772; x_wconf 87' lang='lat' dir='ltr'>finitum.‹</span> 
     </span>
     <span class='ocr_line' id='line_1_7' title="bbox 518 790 2250 837; baseline -0.001 -10"><span class='ocrx_word' id='word_1_39' title='bbox 518 791 709 837; x_wconf 85' lang='lat' dir='ltr'>(Diarium</span> <span class='ocrx_word' id='word_1_40' title='bbox 741 792 905 837; x_wconf 86' lang='lat' dir='ltr'>primum</span> <span class='ocrx_word' id='word_1_41' title='bbox 936 803 982 827; x_wconf 90' lang='lat' dir='ltr'>v:</span> <span class='ocrx_word' id='word_1_42' title='bbox 1029 790 1093 828; x_wconf 86' lang='lat' dir='ltr'><strong>VI.</strong></span> <span class='ocrx_word' id='word_1_43' title='bbox 1119 791 1161 829; x_wconf 91' lang='lat' dir='ltr'>C.</span> <span class='ocrx_word' id='word_1_44' title='bbox 1191 793 1266 837; x_wconf 69' lang='lat'>18„</span> <span class='ocrx_word' id='word_1_45' title='bbox 1314 795 1528 829; x_wconf 87' lang='lat' dir='ltr'>secundum</span> <span class='ocrx_word' id='word_1_46' title='bbox 1550 803 1597 828; x_wconf 90' lang='lat' dir='ltr'>v:</span> <span class='ocrx_word' id='word_1_47' title='bbox 1630 791 1712 828; x_wconf 91' lang='lat' dir='ltr'>XII.</span> <span class='ocrx_word' id='word_1_48' title='bbox 1736 792 1783 829; x_wconf 89' lang='lat' dir='ltr'>A.</span> <span class='ocrx_word' id='word_1_49' title='bbox 1810 791 1868 837; x_wconf 91' lang='lat'>5.)</span> <span class='ocrx_word' id='word_1_50' title='bbox 1899 790 1955 826; x_wconf 91' lang='lat' dir='ltr'>Ex</span> <span class='ocrx_word' id='word_1_51' title='bbox 1987 791 2123 826; x_wconf 87' lang='lat' dir='ltr'>eodem</span> <span class='ocrx_word' id='word_1_52' title='bbox 2156 799 2250 826; x_wconf 90' lang='lat' dir='ltr'>con-</span> 
     </span>
     <span class='ocr_line' id='line_1_8' title="bbox 379 848 865 887; baseline 0.004 -3"><span class='ocrx_word' id='word_1_53' title='bbox 379 853 496 885; x_wconf 91' lang='lat' dir='ltr'>ventu</span> <span class='ocrx_word' id='word_1_54' title='bbox 530 851 610 885; x_wconf 91' lang='lat' dir='ltr'>ord.</span> <span class='ocrx_word' id='word_1_55' title='bbox 645 848 865 887; x_wconf 89' lang='lat' dir='ltr'>Servorum.</span> 
     </span>
    </p>
   </div>
   <div class='ocr_carea' id='block_1_5' title="bbox 379 961 1981 1107">
    <p class='ocr_par' dir='ltr' id='par_1_5' title="bbox 379 961 1981 1107">
     <span class='ocr_line' id='line_1_9' title="bbox 526 961 1461 1014; baseline -0.003 -1"><span class='ocrx_word' id='word_1_56' title='bbox 526 961 656 1014; x_wconf 90' lang='grc'><strong>1075</strong></span> <span class='ocrx_word' id='word_1_57' title='bbox 1177 961 1257 1010; x_wconf 83' lang='lat' dir='ltr'>VI.</span> <span class='ocrx_word' id='word_1_58' title='bbox 1298 961 1346 1010; x_wconf 86' lang='lat' dir='ltr'><strong>C.</strong></span> <span class='ocrx_word' id='word_1_59' title='bbox 1382 961 1461 1010; x_wconf 78' lang='grc'><strong>17.</strong></span> 
     </span>
     <span class='ocr_line' id='line_1_10' title="bbox 379 1053 1981 1107; baseline -0.001 -14"><span class='ocrx_word' id='word_1_60' title='bbox 379 1053 567 1094; x_wconf 81' lang='lat' dir='ltr'><em>membr.</em></span> <span class='ocrx_word' id='word_1_61' title='bbox 599 1065 714 1094; x_wconf 82' lang='lat' dir='ltr'>saec.</span> <span class='ocrx_word' id='word_1_62' title='bbox 747 1053 862 1093; x_wconf 90' lang='lat' dir='ltr'>XIV</span> <span class='ocrx_word' id='word_1_63' title='bbox 888 1053 1007 1105; x_wconf 81' lang='lat' dir='ltr'>(ante</span> <span class='ocrx_word' id='word_1_64' title='bbox 1038 1065 1080 1093; x_wconf 85' lang='lat' dir='ltr'>a.</span> <span class='ocrx_word' id='word_1_65' title='bbox 1114 1053 1245 1106; x_wconf 81' lang='lat'><strong><em>1381)</em></strong></span> <span class='ocrx_word' id='word_1_66' title='bbox 1271 1053 1323 1107; x_wconf 87' lang='lat' dir='ltr'>ff.</span> <span class='ocrx_word' id='word_1_67' title='bbox 1355 1054 1453 1102; x_wconf 84' lang='lat'><strong><em>259,</em></strong></span> <span class='ocrx_word' id='word_1_68' title='bbox 1483 1054 1718 1094; x_wconf 80' lang='lat'><em>33·5&gt;&lt;22</em></span> <span class='ocrx_word' id='word_1_69' title='bbox 1749 1065 1830 1094; x_wconf 80' lang='lat' dir='ltr'>cm.</span> <span class='ocrx_word' id='word_1_70' title='bbox 1863 1053 1885 1092; x_wconf 88' lang='lat'><strong><em>1</em></strong></span> <span class='ocrx_word' id='word_1_71' title='bbox 1921 1065 1981 1092; x_wconf 80' lang='lat' dir='ltr'>m.</span> 
     </span>
    </p>
   </div>
   <div class='ocr_carea' id='block_1_6' title="bbox 380 1132 2250 1472">
    <p class='ocr_par' dir='ltr' id='par_1_6' title="bbox 566 1132 2073 1185">
     <span class='ocr_line' id='line_1_11' title="bbox 566 1132 2073 1185; baseline -0.001 -11"><span class='ocrx_word' id='word_1_72' title='bbox 566 1134 607 1175; x_wconf 95' lang='lat' dir='ltr'><strong>S.</strong></span> <span class='ocrx_word' id='word_1_73' title='bbox 642 1133 891 1185; x_wconf 87' lang='lat' dir='ltr'>Augustini</span> <span class='ocrx_word' id='word_1_74' title='bbox 921 1133 1150 1174; x_wconf 89' lang='lat' dir='ltr'>Homiliae</span> <span class='ocrx_word' id='word_1_75' title='bbox 1182 1134 1230 1173; x_wconf 91' lang='lat' dir='ltr'>in</span> <span class='ocrx_word' id='word_1_76' title='bbox 1262 1134 1554 1185; x_wconf 90' lang='lat' dir='ltr'>evangelium</span> <span class='ocrx_word' id='word_1_77' title='bbox 1587 1145 1623 1174; x_wconf 93' lang='lat' dir='ltr'>s.</span> <span class='ocrx_word' id='word_1_78' title='bbox 1655 1133 1885 1174; x_wconf 62' lang='lat' dir='ltr'>,Iohannis</span> <span class='ocrx_word' id='word_1_79' title='bbox 1918 1132 2073 1173; x_wconf 91' lang='lat' dir='ltr'>CXIV.</span> 
     </span>
    </p>

    <p class='ocr_par' dir='ltr' id='par_1_7' title="bbox 380 1193 2250 1472">
     <span class='ocr_line' id='line_1_12' title="bbox 518 1193 2250 1240; baseline -0.001 -10"><span class='ocrx_word' id='word_1_80' title='bbox 518 1194 561 1230; x_wconf 90' lang='lat' dir='ltr'>In</span> <span class='ocrx_word' id='word_1_81' title='bbox 594 1195 657 1232; x_wconf 88' lang='lat' dir='ltr'>fol.</span> <span class='ocrx_word' id='word_1_82' title='bbox 693 1195 788 1240; x_wconf 87' lang='lat'>259,</span> <span class='ocrx_word' id='word_1_83' title='bbox 822 1204 964 1240; x_wconf 85' lang='lat' dir='ltr'>magna</span> <span class='ocrx_word' id='word_1_84' title='bbox 996 1205 1042 1229; x_wconf 91' lang='lat' dir='ltr'>ex</span> <span class='ocrx_word' id='word_1_85' title='bbox 1073 1198 1180 1239; x_wconf 87' lang='lat' dir='ltr'>parte</span> <span class='ocrx_word' id='word_1_86' title='bbox 1211 1198 1391 1231; x_wconf 88' lang='lat' dir='ltr'>truncato</span> <span class='ocrx_word' id='word_1_87' title='bbox 1423 1195 1520 1230; x_wconf 90' lang='lat' dir='ltr'>haec</span> <span class='ocrx_word' id='word_1_88' title='bbox 1542 1196 1696 1230; x_wconf 82' lang='lat' dir='ltr'>rubrica</span> <span class='ocrx_word' id='word_1_89' title='bbox 1728 1195 1918 1230; x_wconf 84' lang='lat' dir='ltr'>occurrit:</span> <span class='ocrx_word' id='word_1_90' title='bbox 1956 1193 2094 1229; x_wconf 86' lang='lat' dir='ltr'>»Liber</span> <span class='ocrx_word' id='word_1_91' title='bbox 2114 1203 2250 1229; x_wconf 90' lang='lat' dir='ltr'>mona—</span> 
     </span>
     <span class='ocr_line' id='line_1_13' title="bbox 380 1249 2249 1299; baseline -0.001 -11"><span class='ocrx_word' id='word_1_92' title='bbox 380 1253 486 1288; x_wconf 86' lang='lat' dir='ltr'>sterii</span> <span class='ocrx_word' id='word_1_93' title='bbox 519 1254 660 1288; x_wconf 89' lang='lat' dir='ltr'>domus</span> <span class='ocrx_word' id='word_1_94' title='bbox 693 1263 724 1289; x_wconf 92' lang='lat' dir='ltr'>s.</span> <span class='ocrx_word' id='word_1_95' title='bbox 757 1251 897 1299; x_wconf 86' lang='lat' dir='ltr'>Egydii</span> <span class='ocrx_word' id='word_1_96' title='bbox 930 1249 1211 1288; x_wconf 87' lang='lat' dir='ltr'>canonicorum</span> <span class='ocrx_word' id='word_1_97' title='bbox 1253 1252 1487 1298; x_wconf 85' lang='lat' dir='ltr'>regularium</span> <span class='ocrx_word' id='word_1_98' title='bbox 1518 1253 1557 1287; x_wconf 87' lang='lat' dir='ltr'>in</span> <span class='ocrx_word' id='word_1_99' title='bbox 1590 1251 1790 1298; x_wconf 88' lang='lat' dir='ltr'>Vitignaw</span> <span class='ocrx_word' id='word_1_100' title='bbox 1832 1252 1929 1288; x_wconf 82' lang='lat' dir='ltr'>alias</span> <span class='ocrx_word' id='word_1_101' title='bbox 1971 1252 2011 1287; x_wconf 89' lang='lat' dir='ltr'>in</span> <span class='ocrx_word' id='word_1_102' title='bbox 2042 1250 2249 1297; x_wconf 90' lang='lat' dir='ltr'>Trzyebon</span> 
     </span>
     <span class='ocr_line' id='line_1_14' title="bbox 380 1308 2250 1356; baseline -0.001 -10"><span class='ocrx_word' id='word_1_103' title='bbox 380 1314 628 1356; x_wconf 84' lang='lat' dir='ltr'>comparatus</span> <span class='ocrx_word' id='word_1_104' title='bbox 660 1321 728 1356; x_wconf 89' lang='lat' dir='ltr'>per</span> <span class='ocrx_word' id='word_1_105' title='bbox 758 1310 910 1346; x_wconf 88' lang='lat' dir='ltr'>nobiles</span> <span class='ocrx_word' id='word_1_106' title='bbox 953 1310 1134 1346; x_wconf 84' lang='lat' dir='ltr'>dominos</span> <span class='ocrx_word' id='word_1_107' title='bbox 1167 1311 1212 1345; x_wconf 90' lang='lat' dir='ltr'>de</span> <span class='ocrx_word' id='word_1_108' title='bbox 1245 1310 1483 1345; x_wconf 88' lang='lat' dir='ltr'>Rosemberk</span> <span class='ocrx_word' id='word_1_109' title='bbox 1524 1311 1669 1356; x_wconf 89' lang='lat' dir='ltr'>primos</span> <span class='ocrx_word' id='word_1_110' title='bbox 1700 1309 1823 1356; x_wconf 88' lang='lat' dir='ltr'>ipsius</span> <span class='ocrx_word' id='word_1_111' title='bbox 1857 1309 2080 1345; x_wconf 82' lang='lat' dir='ltr'>monasterii</span> <span class='ocrx_word' id='word_1_112' title='bbox 2112 1308 2250 1345; x_wconf 84' lang='lat' dir='ltr'>funda-</span> 
     </span>
     <span class='ocr_line' id='line_1_15' title="bbox 381 1367 2250 1413; baseline -0.001 -9"><span class='ocrx_word' id='word_1_113' title='bbox 381 1374 483 1404; x_wconf 86' lang='lat' dir='ltr'>tores</span> <span class='ocrx_word' id='word_1_114' title='bbox 517 1379 551 1404; x_wconf 89' lang='lat' dir='ltr'>a.</span> <span class='ocrx_word' id='word_1_115' title='bbox 586 1370 623 1404; x_wconf 90' lang='lat' dir='ltr'>d.</span> <span class='ocrx_word' id='word_1_116' title='bbox 662 1368 808 1405; x_wconf 82' lang='lat'><strong>1381.‹</strong></span> <span class='ocrx_word' id='word_1_117' title='bbox 843 1367 991 1403; x_wconf 86' lang='lat' dir='ltr'>Deinde</span> <span class='ocrx_word' id='word_1_118' title='bbox 1023 1369 1148 1403; x_wconf 84' lang='lat' dir='ltr'>codex</span> <span class='ocrx_word' id='word_1_119' title='bbox 1180 1371 1260 1403; x_wconf 87' lang='lat' dir='ltr'>erat</span> <span class='ocrx_word' id='word_1_120' title='bbox 1293 1367 1386 1403; x_wconf 90' lang='lat' dir='ltr'>bibl.</span> <span class='ocrx_word' id='word_1_121' title='bbox 1418 1367 1741 1413; x_wconf 86' lang='lat' dir='ltr'>Rosenbergicae,</span> <span class='ocrx_word' id='word_1_122' title='bbox 1784 1378 1831 1403; x_wconf 92' lang='lat' dir='ltr'>ex</span> <span class='ocrx_word' id='word_1_123' title='bbox 1862 1378 1939 1412; x_wconf 85' lang='lat' dir='ltr'>qua</span> <span class='ocrx_word' id='word_1_124' title='bbox 1969 1368 2170 1403; x_wconf 88' lang='lat' dir='ltr'>restitutus</span> <span class='ocrx_word' id='word_1_125' title='bbox 2191 1371 2250 1403; x_wconf 92' lang='lat' dir='ltr'>est</span> 
     </span>
     <span class='ocr_line' id='line_1_16' title="bbox 384 1425 840 1472; baseline 0 -11"><span class='ocrx_word' id='word_1_126' title='bbox 384 1426 623 1461; x_wconf 88' lang='lat' dir='ltr'>monasterio</span> <span class='ocrx_word' id='word_1_127' title='bbox 655 1425 840 1472; x_wconf 86' lang='lat' dir='ltr'>praefato.</span> 
     </span>
    </p>
   </div>
   <div class='ocr_carea' id='block_1_7' title="bbox 522 1535 1464 1590">
    <p class='ocr_par' dir='ltr' id='par_1_8' title="bbox 522 1535 1464 1590">
     <span class='ocr_line' id='line_1_17' title="bbox 522 1535 1464 1590; baseline -0.007 0"><span class='ocrx_word' id='word_1_128' title='bbox 522 1537 649 1590; x_wconf 86' lang='grc'><strong>1076</strong></span> <span class='ocrx_word' id='word_1_129' title='bbox 1170 1537 1254 1585; x_wconf 84' lang='lat' dir='ltr'>VI.</span> <span class='ocrx_word' id='word_1_130' title='bbox 1297 1535 1345 1584; x_wconf 87' lang='lat' dir='ltr'>C.</span> <span class='ocrx_word' id='word_1_131' title='bbox 1383 1536 1464 1585; x_wconf 74' lang='lat'>18.</span> 
     </span>
    </p>
   </div>
   <div class='ocr_carea' id='block_1_8' title="bbox 387 1629 1610 1684">
    <p class='ocr_par' dir='ltr' id='par_1_9' title="bbox 387 1629 1610 1684">
     <span class='ocr_line' id='line_1_18' title="bbox 387 1629 1610 1684; baseline -0.001 -14"><span class='ocrx_word' id='word_1_132' title='bbox 387 1631 530 1671; x_wconf 82' lang='lat' dir='ltr'>chart.</span> <span class='ocrx_word' id='word_1_133' title='bbox 564 1643 607 1670; x_wconf 93' lang='lat' dir='ltr'>a.</span> <span class='ocrx_word' id='word_1_134' title='bbox 639 1630 926 1671; x_wconf 80' lang='grc'>1665-1693</span> <span class='ocrx_word' id='word_1_135' title='bbox 940 1630 1001 1684; x_wconf 82' lang='lat' dir='ltr'><em>ff</em></span> <span class='ocrx_word' id='word_1_136' title='bbox 1034 1631 1104 1679; x_wconf 86' lang='grc'>66,</span> <span class='ocrx_word' id='word_1_137' title='bbox 1133 1629 1319 1671; x_wconf 81' lang='grc'><strong>33&gt;&lt;21</strong></span> <span class='ocrx_word' id='word_1_138' title='bbox 1354 1641 1437 1669; x_wconf 83' lang='lat' dir='ltr'>cm.</span> <span class='ocrx_word' id='word_1_139' title='bbox 1475 1629 1516 1670; x_wconf 86' lang='lat' dir='ltr'><strong>d.</strong></span> <span class='ocrx_word' id='word_1_140' title='bbox 1550 1641 1610 1669; x_wconf 82' lang='lat' dir='ltr'>m.</span> 
     </span>
    </p>
   </div>
   <div class='ocr_carea' id='block_1_9' title="bbox 381 1710 2249 1924">
    <p class='ocr_par' dir='ltr' id='par_1_10' title="bbox 381 1710 2249 1924">
     <span class='ocr_line' id='line_1_19' title="bbox 383 1710 2249 1761; baseline 0.001 -11"><span class='ocrx_word' id='word_1_141' title='bbox 383 1710 617 1751; x_wconf 82' lang='lat' dir='ltr'>»Diarium</span> <span class='ocrx_word' id='word_1_142' title='bbox 647 1710 849 1761; x_wconf 90' lang='lat' dir='ltr'>primum</span> <span class='ocrx_word' id='word_1_143' title='bbox 890 1714 1150 1752; x_wconf 88' lang='lat' dir='ltr'>conventus</span> <span class='ocrx_word' id='word_1_144' title='bbox 1181 1710 1345 1751; x_wconf 88' lang='lat' dir='ltr'>Matris</span> <span class='ocrx_word' id='word_1_145' title='bbox 1378 1710 1630 1751; x_wconf 86' lang='lat' dir='ltr'>Dolorosae</span> <span class='ocrx_word' id='word_1_146' title='bbox 1663 1711 1712 1750; x_wconf 93' lang='lat' dir='ltr'>in</span> <span class='ocrx_word' id='word_1_147' title='bbox 1744 1711 2024 1753; x_wconf 85' lang='lat' dir='ltr'>Rabenstein</span> <span class='ocrx_word' id='word_1_148' title='bbox 2069 1711 2249 1752; x_wconf 87' lang='lat' dir='ltr'>ordinis</span> 
     </span>
     <span class='ocr_line' id='line_1_20' title="bbox 646 1766 1986 1818; baseline 0.001 -10"><span class='ocrx_word' id='word_1_149' title='bbox 646 1768 899 1809; x_wconf 90' lang='lat' dir='ltr'>Servorum</span> <span class='ocrx_word' id='word_1_150' title='bbox 929 1768 978 1809; x_wconf 93' lang='lat' dir='ltr'><strong>B.</strong></span> <span class='ocrx_word' id='word_1_151' title='bbox 1010 1766 1070 1808; x_wconf 87' lang='grc' dir='ltr'>Μ.</span> <span class='ocrx_word' id='word_1_152' title='bbox 1101 1768 1157 1808; x_wconf 90' lang='lat' dir='ltr'><strong>V.</strong></span> <span class='ocrx_word' id='word_1_153' title='bbox 1189 1769 1245 1808; x_wconf 90' lang='lat' dir='ltr'>ab</span> <span class='ocrx_word' id='word_1_154' title='bbox 1277 1779 1316 1808; x_wconf 84' lang='lat' dir='ltr'>a.</span> <span class='ocrx_word' id='word_1_155' title='bbox 1352 1767 1461 1808; x_wconf 88' lang='lat'>1665</span> <span class='ocrx_word' id='word_1_156' title='bbox 1492 1779 1641 1818; x_wconf 90' lang='lat' dir='ltr'>usque</span> <span class='ocrx_word' id='word_1_157' title='bbox 1672 1770 1731 1809; x_wconf 87' lang='lat' dir='ltr'>ad</span> <span class='ocrx_word' id='word_1_158' title='bbox 1762 1781 1801 1809; x_wconf 91' lang='lat' dir='ltr'>a.</span> <span class='ocrx_word' id='word_1_159' title='bbox 1838 1769 1986 1810; x_wconf 79' lang='lat'><strong>1693.·</strong></span> 
     </span>
     <span class='ocr_line' id='line_1_21' title="bbox 519 1828 2249 1876; baseline 0.001 -12"><span class='ocrx_word' id='word_1_160' title='bbox 519 1829 710 1874; x_wconf 88' lang='lat' dir='ltr'>(Diarium</span> <span class='ocrx_word' id='word_1_161' title='bbox 742 1831 959 1865; x_wconf 89' lang='lat' dir='ltr'>secundum</span> <span class='ocrx_word' id='word_1_162' title='bbox 980 1840 1016 1866; x_wconf 78' lang='lat' dir='ltr'>v,</span> <span class='ocrx_word' id='word_1_163' title='bbox 1039 1828 1124 1867; x_wconf 91' lang='lat' dir='ltr'><strong>XII.</strong></span> <span class='ocrx_word' id='word_1_164' title='bbox 1145 1829 1193 1866; x_wconf 85' lang='lat' dir='ltr'><strong>A.</strong></span> <span class='ocrx_word' id='word_1_165' title='bbox 1219 1829 1255 1865; x_wconf 95' lang='grc'>5.</span> <span class='ocrx_word' id='word_1_166' title='bbox 1288 1828 1447 1864; x_wconf 86' lang='lat' dir='ltr'>Diarum</span> <span class='ocrx_word' id='word_1_167' title='bbox 1480 1828 1656 1874; x_wconf 88' lang='lat' dir='ltr'>quintum</span> <span class='ocrx_word' id='word_1_168' title='bbox 1689 1840 1725 1865; x_wconf 90' lang='lat' dir='ltr'><strong>v.</strong></span> <span class='ocrx_word' id='word_1_169' title='bbox 1750 1829 1815 1865; x_wconf 94' lang='lat' dir='ltr'><strong>VI.</strong></span> <span class='ocrx_word' id='word_1_170' title='bbox 1849 1829 1892 1868; x_wconf 91' lang='lat' dir='ltr'>C.</span> <span class='ocrx_word' id='word_1_171' title='bbox 1921 1830 2004 1876; x_wconf 87' lang='lat'><strong>16.)</strong></span> <span class='ocrx_word' id='word_1_172' title='bbox 2035 1829 2093 1866; x_wconf 88' lang='lat' dir='ltr'>Ex</span> <span class='ocrx_word' id='word_1_173' title='bbox 2113 1830 2249 1866; x_wconf 88' lang='lat' dir='ltr'>eodem</span> 
     </span>
     <span class='ocr_line' id='line_1_22' title="bbox 381 1886 946 1924; baseline 0 -2"><span class='ocrx_word' id='word_1_174' title='bbox 381 1891 576 1922; x_wconf 84' lang='lat' dir='ltr'>conventu</span> <span class='ocrx_word' id='word_1_175' title='bbox 609 1888 690 1924; x_wconf 83' lang='lat' dir='ltr'>ord.</span> <span class='ocrx_word' id='word_1_176' title='bbox 724 1886 946 1923; x_wconf 88' lang='lat' dir='ltr'>Servorum.</span> 
     </span>
    </p>
   </div>
   <div class='ocr_carea' id='block_1_10' title="bbox 380 1997 2248 2224">
    <p class='ocr_par' dir='ltr' id='par_1_11' title="bbox 380 1997 2248 2224">
     <span class='ocr_line' id='line_1_23' title="bbox 524 1997 1462 2052; baseline -0.004 -2"><span class='ocrx_word' id='word_1_177' title='bbox 524 1999 652 2052; x_wconf 94' lang='grc'><strong>1077</strong></span> <span class='ocrx_word' id='word_1_178' title='bbox 1169 1997 1251 2050; x_wconf 87' lang='lat' dir='ltr'>VI.</span> <span class='ocrx_word' id='word_1_179' title='bbox 1298 1998 1343 2048; x_wconf 81' lang='lat' dir='ltr'><strong>C.</strong></span> <span class='ocrx_word' id='word_1_180' title='bbox 1382 1999 1462 2047; x_wconf 81' lang='grc'>19.</span> 
     </span>
     <span class='ocr_line' id='line_1_24' title="bbox 380 2090 1736 2146; baseline 0 -14"><span class='ocrx_word' id='word_1_181' title='bbox 380 2093 523 2132; x_wconf 83' lang='lat' dir='ltr'><em>chart.</em></span> <span class='ocrx_word' id='word_1_182' title='bbox 555 2104 671 2132; x_wconf 80' lang='lat' dir='ltr'>saec.</span> <span class='ocrx_word' id='word_1_183' title='bbox 704 2090 846 2132; x_wconf 89' lang='lat' dir='ltr'><em>XVII</em></span> <span class='ocrx_word' id='word_1_184' title='bbox 854 2091 1063 2132; x_wconf 85' lang='lat' dir='ltr'><em>—XVIII</em></span> <span class='ocrx_word' id='word_1_185' title='bbox 1072 2092 1134 2146; x_wconf 81' lang='lat' dir='ltr'><em>ff</em></span> <span class='ocrx_word' id='word_1_186' title='bbox 1168 2092 1237 2141; x_wconf 84' lang='lat'>75,</span> <span class='ocrx_word' id='word_1_187' title='bbox 1277 2092 1468 2132; x_wconf 80' lang='lat'><em>32&gt;&lt;22</em></span> <span class='ocrx_word' id='word_1_188' title='bbox 1498 2104 1581 2132; x_wconf 82' lang='lat' dir='ltr'>cm.</span> <span class='ocrx_word' id='word_1_189' title='bbox 1619 2092 1648 2132; x_wconf 84' lang='lat'>2</span> <span class='ocrx_word' id='word_1_190' title='bbox 1678 2104 1736 2132; x_wconf 86' lang='lat' dir='ltr'>m.</span> 
     </span>
     <span class='ocr_line' id='line_1_25' title="bbox 385 2172 2248 2224; baseline 0.001 -13"><span class='ocrx_word' id='word_1_191' title='bbox 385 2173 610 2224; x_wconf 85' lang='lat' dir='ltr'>»Regulae</span> <span class='ocrx_word' id='word_1_192' title='bbox 637 2172 859 2213; x_wconf 89' lang='lat' dir='ltr'>iuridicae</span> <span class='ocrx_word' id='word_1_193' title='bbox 882 2184 942 2212; x_wconf 88' lang='lat' dir='ltr'>ex</span> <span class='ocrx_word' id='word_1_194' title='bbox 962 2173 1060 2213; x_wconf 90' lang='lat' dir='ltr'>iure</span> <span class='ocrx_word' id='word_1_195' title='bbox 1084 2173 1333 2221; x_wconf 89' lang='lat' dir='ltr'>communi,</span> <span class='ocrx_word' id='word_1_196' title='bbox 1366 2173 1644 2224; x_wconf 84' lang='lat' dir='ltr'>municipali,</span> <span class='ocrx_word' id='word_1_197' title='bbox 1676 2172 1951 2224; x_wconf 88' lang='lat' dir='ltr'>provinciali</span> <span class='ocrx_word' id='word_1_198' title='bbox 1981 2174 2027 2213; x_wconf 82' lang='lat' dir='ltr'>et</span> <span class='ocrx_word' id='word_1_199' title='bbox 2049 2172 2248 2214; x_wconf 85' lang='lat' dir='ltr'>novellis</span> 
     </span>
    </p>
   </div>
   <div class='ocr_carea' id='block_1_11' title="bbox 382 2230 2244 2340">
    <p class='ocr_par' dir='ltr' id='par_1_12' title="bbox 382 2230 2244 2340">
     <span class='ocr_line' id='line_1_26' title="bbox 382 2230 2244 2282; baseline 0.001 -12"><span class='ocrx_word' id='word_1_200' title='bbox 382 2230 700 2271; x_wconf 86' lang='lat' dir='ltr'>declaratoriis</span> <span class='ocrx_word' id='word_1_201' title='bbox 722 2242 829 2270; x_wconf 90' lang='lat' dir='ltr'>cum</span> <span class='ocrx_word' id='word_1_202' title='bbox 849 2230 1109 2271; x_wconf 86' lang='lat' dir='ltr'>rationibus</span> <span class='ocrx_word' id='word_1_203' title='bbox 1132 2230 1350 2271; x_wconf 91' lang='lat' dir='ltr'>decisivis</span> <span class='ocrx_word' id='word_1_204' title='bbox 1373 2233 1628 2271; x_wconf 89' lang='lat' dir='ltr'>secundum</span> <span class='ocrx_word' id='word_1_205' title='bbox 1649 2230 1944 2282; x_wconf 86' lang='lat' dir='ltr'>alphabetum</span> <span class='ocrx_word' id='word_1_206' title='bbox 1987 2231 2244 2271; x_wconf 86' lang='lat' dir='ltr'>collectae.«</span> 
     </span>
     <span class='ocr_line' id='line_1_27' title="bbox 519 2299 2171 2340; baseline -0.002 -2"><span class='ocrx_word' id='word_1_207' title='bbox 519 2299 562 2338; x_wconf 91' lang='lat' dir='ltr'>In</span> <span class='ocrx_word' id='word_1_208' title='bbox 594 2302 715 2338; x_wconf 88' lang='lat' dir='ltr'>fronte</span> <span class='ocrx_word' id='word_1_209' title='bbox 749 2303 925 2338; x_wconf 88' lang='lat' dir='ltr'>eiusdem</span> <span class='ocrx_word' id='word_1_210' title='bbox 956 2303 1056 2339; x_wconf 87' lang='lat' dir='ltr'>tituli</span> <span class='ocrx_word' id='word_1_211' title='bbox 1089 2303 1166 2338; x_wconf 86' lang='lat' dir='ltr'>alia</span> <span class='ocrx_word' id='word_1_212' title='bbox 1198 2313 1337 2338; x_wconf 87' lang='lat' dir='ltr'>manus</span> <span class='ocrx_word' id='word_1_213' title='bbox 1371 2304 1597 2338; x_wconf 79' lang='lat' dir='ltr'>annotavit:</span> <span class='ocrx_word' id='word_1_214' title='bbox 1636 2302 1955 2338; x_wconf 83' lang='lat' dir='ltr'>›Goldenkroner</span> <span class='ocrx_word' id='word_1_215' title='bbox 1984 2302 2171 2340; x_wconf 81' lang='lat' dir='ltr'>Archiv.‹</span> 
     </span>
    </p>
   </div>
   <div class='ocr_carea' id='block_1_12' title="bbox 525 2412 1486 2467">
    <p class='ocr_par' dir='ltr' id='par_1_13' title="bbox 525 2412 1486 2467">
     <span class='ocr_line' id='line_1_28' title="bbox 525 2412 1486 2467; baseline -0.005 -1"><span class='ocrx_word' id='word_1_216' title='bbox 525 2413 657 2467; x_wconf 87' lang='grc'><strong>1078</strong></span> <span class='ocrx_word' id='word_1_217' title='bbox 1148 2412 1224 2463; x_wconf 87' lang='lat' dir='ltr'>VI.</span> <span class='ocrx_word' id='word_1_218' title='bbox 1267 2413 1312 2462; x_wconf 88' lang='lat' dir='ltr'><strong>C.</strong></span> <span class='ocrx_word' id='word_1_219' title='bbox 1351 2414 1420 2462; x_wconf 76' lang='lat'>20</span> <span class='ocrx_word' id='word_1_220' title='bbox 1439 2429 1486 2462; x_wconf 85' lang='lat' dir='ltr'>a.</span> 
     </span>
    </p>
   </div>
   <div class='ocr_carea' id='block_1_13' title="bbox 383 2506 1710 2560">
    <p class='ocr_par' dir='ltr' id='par_1_14' title="bbox 383 2506 1710 2560">
     <span class='ocr_line' id='line_1_29' title="bbox 383 2506 1710 2560; baseline -0.002 -13"><span class='ocrx_word' id='word_1_221' title='bbox 383 2508 527 2547; x_wconf 83' lang='lat' dir='ltr'>chart.</span> <span class='ocrx_word' id='word_1_222' title='bbox 559 2519 673 2547; x_wconf 82' lang='lat' dir='ltr'>saec.</span> <span class='ocrx_word' id='word_1_223' title='bbox 706 2507 796 2547; x_wconf 92' lang='lat' dir='ltr'>XV</span> <span class='ocrx_word' id='word_1_224' title='bbox 825 2510 863 2547; x_wconf 84' lang='lat' dir='ltr'>et</span> <span class='ocrx_word' id='word_1_225' title='bbox 892 2506 1077 2560; x_wconf 85' lang='lat' dir='ltr'><em>XVIff.</em></span> <span class='ocrx_word' id='word_1_226' title='bbox 1110 2507 1210 2555; x_wconf 82' lang='lat'>118,</span> <span class='ocrx_word' id='word_1_227' title='bbox 1239 2508 1426 2548; x_wconf 80' lang='lat'><strong><em>32&gt;&lt;21</em></strong></span> <span class='ocrx_word' id='word_1_228' title='bbox 1460 2519 1543 2548; x_wconf 87' lang='lat' dir='ltr'>cm.</span> <span class='ocrx_word' id='word_1_229' title='bbox 1577 2507 1617 2546; x_wconf 84' lang='lat' dir='ltr'><strong>d.</strong></span> <span class='ocrx_word' id='word_1_230' title='bbox 1650 2519 1710 2546; x_wconf 81' lang='lat' dir='ltr'>m.</span> 
     </span>
    </p>
   </div>
   <div class='ocr_carea' id='block_1_14' title="bbox 381 2587 2250 2686">
    <p class='ocr_par' dir='ltr' id='par_1_15' title="bbox 381 2587 2250 2686">
     <span class='ocr_line' id='line_1_30' title="bbox 381 2587 2250 2640; baseline 0.001 -13"><span class='ocrx_word' id='word_1_231' title='bbox 381 2588 555 2640; x_wconf 89' lang='lat' dir='ltr'>Hymni</span> <span class='ocrx_word' id='word_1_232' title='bbox 586 2591 632 2628; x_wconf 87' lang='lat' dir='ltr'>et</span> <span class='ocrx_word' id='word_1_233' title='bbox 663 2588 905 2629; x_wconf 88' lang='lat' dir='ltr'>cantiones</span> <span class='ocrx_word' id='word_1_234' title='bbox 949 2587 1074 2628; x_wconf 87' lang='lat' dir='ltr'>notis</span> <span class='ocrx_word' id='word_1_235' title='bbox 1117 2587 1310 2627; x_wconf 88' lang='lat' dir='ltr'>musicis</span> <span class='ocrx_word' id='word_1_236' title='bbox 1354 2587 1607 2628; x_wconf 86' lang='lat' dir='ltr'>instructae</span> <span class='ocrx_word' id='word_1_237' title='bbox 1655 2587 1826 2628; x_wconf 88' lang='lat' dir='ltr'>latinae</span> <span class='ocrx_word' id='word_1_238' title='bbox 1869 2588 2034 2628; x_wconf 84' lang='lat' dir='ltr'>additis</span> <span class='ocrx_word' id='word_1_239' title='bbox 2075 2588 2250 2640; x_wconf 85' lang='lat' dir='ltr'>aliquot</span> 
     </span>
     <span class='ocr_line' id='line_1_31' title="bbox 1174 2645 1442 2686; baseline 0 -1"><span class='ocrx_word' id='word_1_240' title='bbox 1174 2645 1442 2686; x_wconf 89' lang='lat' dir='ltr'>bohemicis.</span> 
     </span>
    </p>
   </div>
   <div class='ocr_carea' id='block_1_15' title="bbox 382 2712 2249 2823">
    <p class='ocr_par' dir='ltr' id='par_1_16' title="bbox 382 2712 2249 2823">
     <span class='ocr_line' id='line_1_32' title="bbox 520 2712 2249 2756; baseline 0.002 -3"><span class='ocrx_word' id='word_1_241' title='bbox 520 2714 547 2754; x_wconf 86' lang='lat' dir='ltr'><strong>f.</strong></span> <span class='ocrx_word' id='word_1_242' title='bbox 580 2712 658 2753; x_wconf 73' lang='lat'>32¹2</span> <span class='ocrx_word' id='word_1_243' title='bbox 689 2714 920 2755; x_wconf 88' lang='lat' dir='ltr'>Johannis</span> <span class='ocrx_word' id='word_1_244' title='bbox 951 2714 1162 2755; x_wconf 89' lang='lat' dir='ltr'>Roderici</span> <span class='ocrx_word' id='word_1_245' title='bbox 1195 2726 1222 2755; x_wconf 85' lang='lat' dir='ltr'>a</span> <span class='ocrx_word' id='word_1_246' title='bbox 1252 2714 1504 2755; x_wconf 88' lang='lat' dir='ltr'>Choterina</span> <span class='ocrx_word' id='word_1_247' title='bbox 1542 2712 1702 2755; x_wconf 83' lang='lat' dir='ltr'>Oratio</span> <span class='ocrx_word' id='word_1_248' title='bbox 1744 2715 1989 2755; x_wconf 88' lang='lat' dir='ltr'>dominica.</span> <span class='ocrx_word' id='word_1_249' title='bbox 2051 2714 2249 2756; x_wconf 86' lang='lat' dir='ltr'>Carmen</span> 
     </span>
     <span class='ocr_line' id='line_1_33' title="bbox 382 2770 1481 2823; baseline 0 -11"><span class='ocrx_word' id='word_1_250' title='bbox 382 2772 629 2812; x_wconf 89' lang='lat' dir='ltr'>iambicum</span> <span class='ocrx_word' id='word_1_251' title='bbox 660 2772 909 2813; x_wconf 88' lang='lat' dir='ltr'>dimetrum</span> <span class='ocrx_word' id='word_1_252' title='bbox 941 2783 980 2811; x_wconf 90' lang='lat' dir='ltr'>a.</span> <span class='ocrx_word' id='word_1_253' title='bbox 1015 2770 1124 2812; x_wconf 85' lang='lat'>1546</span> <span class='ocrx_word' id='word_1_254' title='bbox 1156 2772 1481 2823; x_wconf 88' lang='lat' dir='ltr'>compositum.</span> 
     </span>
    </p>
   </div>
   <div class='ocr_carea' id='block_1_16' title="bbox 383 2839 2249 2950">
    <p class='ocr_par' dir='ltr' id='par_1_17' title="bbox 383 2839 2249 2950">
     <span class='ocr_line' id='line_1_34' title="bbox 521 2839 2249 2893; baseline 0.001 -13"><span class='ocrx_word' id='word_1_255' title='bbox 521 2841 547 2881; x_wconf 87' lang='lat' dir='ltr'><strong>f.</strong></span> <span class='ocrx_word' id='word_1_256' title='bbox 581 2839 796 2880; x_wconf 62' lang='lat' dir='ltr'>832—93b</span> <span class='ocrx_word' id='word_1_257' title='bbox 827 2841 1002 2893; x_wconf 89' lang='lat' dir='ltr'>Hymni</span> <span class='ocrx_word' id='word_1_258' title='bbox 1037 2842 1118 2881; x_wconf 85' lang='lat' dir='ltr'>»de</span> <span class='ocrx_word' id='word_1_259' title='bbox 1149 2853 1186 2883; x_wconf 92' lang='lat' dir='ltr'>s.</span> <span class='ocrx_word' id='word_1_260' title='bbox 1217 2841 1434 2882; x_wconf 88' lang='lat' dir='ltr'>Johanne</span> <span class='ocrx_word' id='word_1_261' title='bbox 1464 2842 1607 2890; x_wconf 81' lang='lat' dir='ltr'>Rus«,</span> <span class='ocrx_word' id='word_1_262' title='bbox 1647 2853 1830 2893; x_wconf 85' lang='lat' dir='ltr'>quorum</span> <span class='ocrx_word' id='word_1_263' title='bbox 1863 2846 1950 2881; x_wconf 84' lang='lat' dir='ltr'>tres</span> <span class='ocrx_word' id='word_1_264' title='bbox 1983 2846 2085 2882; x_wconf 88' lang='lat' dir='ltr'>sunt</span> <span class='ocrx_word' id='word_1_265' title='bbox 2115 2842 2249 2882; x_wconf 88' lang='lat' dir='ltr'>bohe-</span> 
     </span>
     <span class='ocr_line' id='line_1_35' title="bbox 383 2893 1234 2950; baseline 0.002 -13"><span class='ocrx_word' id='word_1_266' title='bbox 383 2901 479 2938; x_wconf 86' lang='lat' dir='ltr'>mici</span> <span class='ocrx_word' id='word_1_267' title='bbox 512 2893 669 2950; x_wconf 67' lang='lat' dir='ltr'>(Pi&#39;sne</span> <span class='ocrx_word' id='word_1_268' title='bbox 701 2910 729 2939; x_wconf 96' lang='lat' dir='ltr'>o</span> <span class='ocrx_word' id='word_1_269' title='bbox 763 2910 833 2938; x_wconf 91' lang='lat' dir='ltr'>sv.</span> <span class='ocrx_word' id='word_1_270' title='bbox 864 2899 986 2939; x_wconf 89' lang='lat' dir='ltr'>Janu</span> <span class='ocrx_word' id='word_1_271' title='bbox 1017 2899 1234 2950; x_wconf 87' lang='lat' dir='ltr'>Husovi).</span> 
     </span>
    </p>
   </div>
   <div class='ocr_carea' id='block_1_17' title="bbox 388 2963 2246 3076">
    <p class='ocr_par' dir='ltr' id='par_1_18' title="bbox 388 2963 2246 3076">
     <span class='ocr_line' id='line_1_36' title="bbox 520 2963 2246 3009; baseline 0.001 -2"><span class='ocrx_word' id='word_1_272' title='bbox 520 2968 546 3007; x_wconf 85' lang='lat' dir='ltr'><strong>f.</strong></span> <span class='ocrx_word' id='word_1_273' title='bbox 586 2965 855 3007; x_wconf 65' lang='lat'>10312—1042</span> <span class='ocrx_word' id='word_1_274' title='bbox 899 2964 1039 3008; x_wconf 72' lang='lat' dir='ltr'>Pisefi</span> <span class='ocrx_word' id='word_1_275' title='bbox 1084 2980 1143 3008; x_wconf 89' lang='lat' dir='ltr'>na</span> <span class='ocrx_word' id='word_1_276' title='bbox 1196 2969 1287 3009; x_wconf 92' lang='lat' dir='ltr'>hod</span> <span class='ocrx_word' id='word_1_277' title='bbox 1337 2963 1441 3008; x_wconf 68' lang='lat' dir='ltr'>boii</span> <span class='ocrx_word' id='word_1_278' title='bbox 1488 2963 1690 3007; x_wconf 67' lang='lat' dir='ltr'>vanocni</span> <span class='ocrx_word' id='word_1_279' title='bbox 1739 2963 1954 3008; x_wconf 64' lang='lat' dir='ltr'>casteone</span> <span class='ocrx_word' id='word_1_280' title='bbox 2000 2979 2024 3008; x_wconf 94' lang='lat' dir='ltr'>s</span> <span class='ocrx_word' id='word_1_281' title='bbox 2056 2967 2246 3009; x_wconf 86' lang='lat' dir='ltr'>notami.</span> 
     </span>
     <span class='ocr_line' id='line_1_37' title="bbox 388 3025 1104 3076; baseline 0.003 -12"><span class='ocrx_word' id='word_1_282' title='bbox 388 3025 648 3076; x_wconf 83' lang='lat' dir='ltr'>»Radugme</span> <span class='ocrx_word' id='word_1_283' title='bbox 680 3036 732 3066; x_wconf 88' lang='lat' dir='ltr'>se</span> <span class='ocrx_word' id='word_1_284' title='bbox 762 3026 982 3066; x_wconf 90' lang='lat' dir='ltr'>weselme</span> <span class='ocrx_word' id='word_1_285' title='bbox 1014 3037 1104 3066; x_wconf 86' lang='lat' dir='ltr'>se.‹</span> 
     </span>
    </p>
   </div>
   <div class='ocr_carea' id='block_1_18' title="bbox 383 3096 2249 3315">
    <p class='ocr_par' dir='ltr' id='par_1_19' title="bbox 383 3096 2249 3315">
     <span class='ocr_line' id='line_1_38' title="bbox 522 3096 2249 3143; baseline 0 -12"><span class='ocrx_word' id='word_1_286' title='bbox 522 3096 644 3132; x_wconf 83' lang='lat' dir='ltr'>Partis</span> <span class='ocrx_word' id='word_1_287' title='bbox 689 3098 827 3143; x_wconf 88' lang='lat' dir='ltr'>prioris</span> <span class='ocrx_word' id='word_1_288' title='bbox 869 3097 1011 3143; x_wconf 89' lang='lat' dir='ltr'>(usque</span> <span class='ocrx_word' id='word_1_289' title='bbox 1044 3099 1091 3133; x_wconf 87' lang='lat' dir='ltr'>ad</span> <span class='ocrx_word' id='word_1_290' title='bbox 1125 3098 1146 3134; x_wconf 85' lang='lat' dir='ltr'>s.</span> <span class='ocrx_word' id='word_1_291' title='bbox 1183 3097 1254 3142; x_wconf 88' lang='grc'>59)</span> <span class='ocrx_word' id='word_1_292' title='bbox 1285 3097 1402 3131; x_wconf 82' lang='lat' dir='ltr'>index</span> <span class='ocrx_word' id='word_1_293' title='bbox 1444 3100 1625 3131; x_wconf 87' lang='lat' dir='ltr'>exaratus</span> <span class='ocrx_word' id='word_1_294' title='bbox 1669 3101 1726 3132; x_wconf 88' lang='lat' dir='ltr'>est</span> <span class='ocrx_word' id='word_1_295' title='bbox 1756 3098 1795 3132; x_wconf 88' lang='lat' dir='ltr'>in</span> <span class='ocrx_word' id='word_1_296' title='bbox 1828 3097 2011 3142; x_wconf 90' lang='lat' dir='ltr'>operculo</span> <span class='ocrx_word' id='word_1_297' title='bbox 2052 3106 2179 3143; x_wconf 86' lang='lat' dir='ltr'>super.</span> <span class='ocrx_word' id='word_1_298' title='bbox 2212 3100 2249 3132; x_wconf 88' lang='lat' dir='ltr'>et</span> 
     </span>
     <span class='ocr_line' id='line_1_39' title="bbox 383 3151 2249 3200; baseline 0 -11"><span class='ocrx_word' id='word_1_299' title='bbox 383 3155 421 3189; x_wconf 90' lang='lat' dir='ltr'>in</span> <span class='ocrx_word' id='word_1_300' title='bbox 454 3153 477 3190; x_wconf 83' lang='lat' dir='ltr'>f,</span> <span class='ocrx_word' id='word_1_301' title='bbox 518 3155 550 3189; x_wconf 93' lang='lat'><strong>1.</strong></span> <span class='ocrx_word' id='word_1_302' title='bbox 586 3153 769 3190; x_wconf 89' lang='lat' dir='ltr'>Codicem</span> <span class='ocrx_word' id='word_1_303' title='bbox 816 3159 991 3190; x_wconf 90' lang='lat' dir='ltr'>nostrum</span> <span class='ocrx_word' id='word_1_304' title='bbox 1033 3165 1181 3191; x_wconf 85' lang='lat' dir='ltr'>recens,</span> <span class='ocrx_word' id='word_1_305' title='bbox 1214 3153 1246 3190; x_wconf 85' lang='lat' dir='ltr'><strong>J.</strong></span> <span class='ocrx_word' id='word_1_306' title='bbox 1279 3151 1442 3199; x_wconf 60' lang='lat' dir='ltr'>Jireaeek,</span> <span class='ocrx_word' id='word_1_307' title='bbox 1486 3153 1551 3198; x_wconf 90' lang='lat' dir='ltr'>qui</span> <span class='ocrx_word' id='word_1_308' title='bbox 1583 3154 1699 3189; x_wconf 86' lang='lat' dir='ltr'>etiam</span> <span class='ocrx_word' id='word_1_309' title='bbox 1730 3154 1841 3189; x_wconf 87' lang='lat' dir='ltr'>initia</span> <span class='ocrx_word' id='word_1_310' title='bbox 1872 3156 2095 3190; x_wconf 90' lang='lat' dir='ltr'>cantionum</span> <span class='ocrx_word' id='word_1_311' title='bbox 2127 3164 2249 3200; x_wconf 89' lang='lat' dir='ltr'>popu-</span> 
     </span>
     <span class='ocr_line' id='line_1_40' title="bbox 383 3201 2246 3258; baseline 0 -12"><span class='ocrx_word' id='word_1_312' title='bbox 383 3211 523 3246; x_wconf 85' lang='lat' dir='ltr'>larium</span> <span class='ocrx_word' id='word_1_313' title='bbox 556 3212 844 3247; x_wconf 89' lang='lat' dir='ltr'>bohemicarum</span> <span class='ocrx_word' id='word_1_314' title='bbox 877 3213 1092 3258; x_wconf 85' lang='lat' dir='ltr'>exscripsit,</span> <span class='ocrx_word' id='word_1_315' title='bbox 1127 3201 1216 3249; x_wconf 63' lang='lat' dir='ltr'>cas.</span> <span class='ocrx_word' id='word_1_316' title='bbox 1248 3210 1350 3247; x_wconf 90' lang='lat' dir='ltr'>Mus.</span> <span class='ocrx_word' id='word_1_317' title='bbox 1390 3211 1494 3247; x_wconf 84' lang='lat'>1879</span> <span class='ocrx_word' id='word_1_318' title='bbox 1528 3222 1564 3256; x_wconf 87' lang='lat' dir='ltr'><strong>p.</strong></span> <span class='ocrx_word' id='word_1_319' title='bbox 1599 3210 1666 3256; x_wconf 84' lang='lat'>45,</span> <span class='ocrx_word' id='word_1_320' title='bbox 1699 3213 1839 3246; x_wconf 88' lang='lat' dir='ltr'>deinde</span> <span class='ocrx_word' id='word_1_321' title='bbox 1871 3212 2060 3257; x_wconf 88' lang='lat' dir='ltr'>prolixius</span> <span class='ocrx_word' id='word_1_322' title='bbox 2090 3211 2246 3256; x_wconf 89' lang='lat' dir='ltr'>Dreves‚</span> 
     </span>
     <span class='ocr_line' id='line_1_41' title="bbox 384 3268 2246 3315; baseline 0.001 -12"><span class='ocrx_word' id='word_1_323' title='bbox 384 3268 596 3304; x_wconf 81' lang='lat' dir='ltr'>Cantiones</span> <span class='ocrx_word' id='word_1_324' title='bbox 628 3269 779 3306; x_wconf 88' lang='lat' dir='ltr'>bohem.</span> <span class='ocrx_word' id='word_1_325' title='bbox 813 3280 855 3315; x_wconf 92' lang='lat' dir='ltr'><strong>p.</strong></span> <span class='ocrx_word' id='word_1_326' title='bbox 894 3270 956 3306; x_wconf 87' lang='lat'><strong>15.</strong></span> <span class='ocrx_word' id='word_1_327' title='bbox 1018 3269 1130 3305; x_wconf 87' lang='lat' dir='ltr'>Unde</span> <span class='ocrx_word' id='word_1_328' title='bbox 1162 3269 1287 3305; x_wconf 88' lang='lat' dir='ltr'>codex</span> <span class='ocrx_word' id='word_1_329' title='bbox 1319 3269 1393 3314; x_wconf 84' lang='lat' dir='ltr'>hic,</span> <span class='ocrx_word' id='word_1_330' title='bbox 1437 3278 1514 3314; x_wconf 91' lang='lat' dir='ltr'>quo</span> <span class='ocrx_word' id='word_1_331' title='bbox 1547 3269 1712 3304; x_wconf 84' lang='lat' dir='ltr'>ecclesia</span> <span class='ocrx_word' id='word_1_332' title='bbox 1754 3270 1946 3313; x_wconf 83' lang='lat' dir='ltr'>quaedam</span> <span class='ocrx_word' id='word_1_333' title='bbox 1979 3269 2147 3305; x_wconf 87' lang='lat' dir='ltr'>husitica</span> <span class='ocrx_word' id='word_1_334' title='bbox 2179 3269 2246 3304; x_wconf 90' lang='lat' dir='ltr'>diu</span> 
     </span>
    </p>
   </div>
   <div class='ocr_carea' id='block_1_19' title="bbox 1286 3414 1352 3445">
    <p class='ocr_par' dir='ltr' id='par_1_20' title="bbox 1286 3414 1352 3445">
     <span class='ocr_line' id='line_1_42' title="bbox 1286 3414 1352 3445; baseline -0.015 0"><span class='ocrx_word' id='word_1_335' title='bbox 1286 3414 1352 3445; x_wconf 79' lang='lat'>442</span> 
     </span>
    </p>
   </div>
  </div>
 </body>
</html>
