2476 3782
1072 291 1142 330 161

305 426 334 467 f.
366 424 471 468 268b
508 425 671 467 »Metra
703 429 990 479 capitulorum
1023 433 1065 469 et
1096 430 1299 469 librorum
1332 431 1459 470 biblie
1507 437 1613 483 quot
1669 439 1808 473 sunm
1875 433 2042 474 Versus

162 486 436 524 memoriales
476 495 609 524 manu
650 487 789 524 Crucis
832 489 880 524 de
912 488 1026 525 Telcz
1057 491 1219 527 exarati
1252 492 1294 527 et
1325 490 1541 539 explicati.
1575 489 1737 529 Ibidem
1785 492 1841 530 ad
1874 493 2037 531 calcem

162 545 266 582 nota
297 553 430 583 manu
457 553 573 582 saec.
616 541 697 582 XV
728 554 797 583 ex.
832 547 995 595 scripta
1026 545 1222 584 codicem
1257 550 1507 586 monasterii
1540 542 1869 588 Borovanensis
1902 549 2039 588 fuisse

160 599 445 650 demonstrat,
477 600 594 640 unde
625 603 668 640 in
699 601 1006 642 bibliothecam
1040 601 1407 654 Rosenbergicam
1440 608 1646 655 pervenit,
1680 617 1735 645 ex
1768 618 1855 657 qua
1887 613 2041 658 postea

160 660 349 698 monast.
382 657 576 710 praefato
607 661 834 698 restitutus
867 663 948 699 est.

303 727 541 766 Intrinsecus
573 730 745 776 operculi
777 740 905 777 super.
939 735 1149 767 occurrunt
1165 732 1304 768 oratio
1335 731 1552 769 dominica
1583 737 1624 770 et
1646 734 1784 770 oratio
1807 734 1859 771 ad
1881 734 1922 774 S.
1947 735 2042 782 Spi-

157 785 301 832 ritum,
332 785 378 823 in
408 786 610 834 operculo
626 786 747 826 inser.
780 787 1011 837 decalogus
1041 791 1084 825 et
1113 788 1270 825 iterum
1300 790 1441 826 oratio
1472 791 1598 836 dom„
1622 803 1720 838 quae
1743 803 1880 829 omnes
1902 794 2038 839 lingua

158 844 312 881 bohem.
345 849 527 881 exaratae
569 849 673 882 sunt.
705 845 832 881 Etiam
863 847 1024 893 respice,
1057 848 1091 882 si
1121 847 1228 892 libet,
1261 852 1393 884 notam
1425 849 1602 886 iocosam
1633 852 1673 886 in
1705 852 1889 897 operculo
1922 861 2038 898 sup.:

162 901 340 939 »Novum
370 906 644 940 testamentum
686 913 754 950 pro
786 903 858 940 XII
888 914 945 950 gr.
979 906 1130 951 venale,
1173 906 1236 941 cui
1268 910 1398 942 autem
1439 907 1568 953 placet
1598 918 1668 954 pro
1700 909 1824 944 tribus
1856 909 2035 945 seidlinis

156 959 251 997 meri
283 959 418 997 boni.«

299 1070 390 1125 159
948 1074 986 1123 Ι.
1024 1075 1087 1124 D.
1126 1075 1208 1124 19.

105 1144 108 1148 ’
154 1165 298 1206 chart.
328 1176 445 1206 saec.
476 1164 570 1206 XV
590 1167 786 1221 (partim
818 1179 861 1208 a.
892 1167 1026 1216 1411)
1045 1168 1104 1222 ff.
1136 1168 1234 1216 129,
1266 1169 1454 1209 30><21
1489 1181 1572 1210 cm.
1606 1171 1630 1210 1
1664 1183 1722 1210 m.

149 1242 156 1247 “
298 1246 326 1287 f.
364 1247 538 1287 1·--56·
577 1247 828 1289 Sermones
873 1248 929 1289 de
971 1250 1165 1290 sanctis.
1223 1249 1367 1290 »Beati
1427 1255 1530 1291 sunt
1576 1255 1797 1293 servi...
1833 1252 2032 1305 Quatuor

154 1308 269 1354 sunt,
301 1316 387 1358 que
427 1305 591 1346 faciunt
629 1306 853 1346 hominem
895 1307 1106 1347 dormire«
1153 1309 1196 1346 ><
1232 1307 1396 1348 »Finito
1444 1310 1549 1349 libro
1595 1313 1650 1350 sit
1692 1311 1787 1350 laus
1821 1317 1863 1351 et
1893 1312 2028 1362 gloria

153 1361 340 1404 Christo.
373 1363 452 1403 Per
491 1375 650 1404 manus
692 1364 857 1404 domini
899 1365 1025 1405 Petri
1056 1366 1283 1417 capellani
1314 1366 1371 1407 de
1401 1366 1500 1419 Tyn
1532 1370 1575 1407 in
1609 1370 1750 1419 vigilia
1782 1381 1817 1409 s.
1851 1368 2031 1409 Bartho-

152 1421 280 1461 lomei
311 1422 496 1473 apostoli
529 1422 613 1462 sub
644 1434 683 1462 a.
717 1423 758 1462 d.
795 1422 946 1463 1411.«

296 1490 325 1531 f.
357 1487 566 1532 56⁸—58b
597 1490 835 1532 Sermones
867 1492 892 1532 2
925 1493 979 1533 de
1013 1505 1048 1533 s.
1081 1493 1219 1534 Maria
1249 1493 1527 1546 Magdalena.

296 1560 325 1601 s.
356 1560 594 1601 59·—127·
623 1561 875 1603 Sermones
906 1563 963 1603 de
994 1563 1172 1604 sanctis
1218 1566 1265 1604 et
1295 1564 1351 1604 de
1382 1563 1518 1605 festis
1551 1564 1814 1605 mobilibus.
1851 1565 2027 1617 »Incipit

152 1618 257 1658 liber
286 1618 341 1658 de
373 1622 537 1660 sanctis
568 1623 610 1660 et
641 1620 694 1659 de
735 1619 858 1659 festis
900 1621 1134 1661 mobilibus
1176 1626 1218 1661 et
1249 1625 1387 1673 primo
1419 1623 1648 1674 prothema
1680 1623 1733 1663 de
1767 1635 1802 1663 s.
1836 1624 2026 1664 Andrea.

153 1674 407 1718 Secundum
453 1680 546 1717 iura
590 1681 632 1718 et
671 1679 815 1729 leges«
852 1679 895 1716 ><
927 1679 1059 1731 (exp.
1104 1680 1157 1719 de
1201 1678 1244 1720 S.
1286 1679 1515 1732 Martino:)
1576 1693 1850 1733 »corpusque
1900 1685 2027 1733 quasi

153 1733 435 1775 clarificatum
466 1734 664 1776 effulsit«

297 1803 325 1844 f.
363 1801 626 1845 127b—129·
655 1807 754 1854 (alia
785 1806 922 1858 manu)
955 1806 1249 1859 Quaestiones
1281 1807 1438 1847 breves
1471 1808 1524 1847 de
1557 1808 1808 1849 obedientia
1830 1810 2033 1849 ecclesia-

151 1864 264 1902 stica
293 1866 337 1902 et
366 1862 420 1902 de
452 1867 761 1904 communione
794 1865 878 1904 sub
909 1868 1091 1916 utraque
1124 1868 1283 1917 specie,
1317 1868 1448 1917 (quae
1481 1869 1610 1906 etiarn
1643 1869 1685 1906 in
1717 1868 1923 1918 operculo
1957 1879 2029 1907 su-

153 1922 319 1972 periore
351 1921 689 1974 continuantur).

267 1991 427 2039 Utrique
467 1992 651 2038 operculo
697 1993 871 2039 adligata
911 1997 1004 2029 sunt
1043 1994 1256 2040 fragmenta
1297 1996 1457 2033 membr.
1500 1997 1747 2033 instrumenti
1779 1997 1926 2043 publici
1959 1996 2025 2032 Jo-

153 2048 296 2086 hannis
335 2048 487 2086 Pomuk
531 2050 678 2087 archid.
723 2050 946 2098 Zaczensis‚
989 2054 1119 2089 curiae
1161 2053 1331 2100 archiep.
1373 2053 1483 2100 Prag.
1528 2054 1719 2099 officialis,
1753 2055 2028 2091 concernentis

154 2117 316 2144 causam
355 2118 457 2154 mag.
498 2107 687 2158 Stephani
717 2107 896 2146 Tendrici
937 2110 983 2145 de
1026 2109 1217 2147 Stankow
1246 2113 1625 2159 transsumentisque
1657 2113 1805 2149 bullam
1837 2113 2030 2149 Bonifacii

152 2163 208 2201 IX
237 2165 316 2202 dat.
347 2164 382 2202 II
412 2165 465 2203 id.
498 2165 600 2203 Nov.
647 2177 752 2203 anno
783 2171 892 2214 pont.
925 2168 1099 2204 eiusdem
1130 2171 1254 2216 primo
1285 2169 1416 2216 (1389
1448 2170 1509 2206 vel
1548 2171 1688 2217 1390).
1738 2170 1782 2206 In
1814 2170 2029 2217 fragmento

153 2221 220 2260 inf.
252 2233 394 2260 manus
424 2234 528 2260 saec.
561 2223 635 2260 XV
665 2224 817 2261 initium
849 2227 1044 2262 cantionis
1077 2227 1230 2264 bohem.
1264 2238 1296 2265 s,
1329 2227 1538 2264 Venceslai
1570 2230 1818 2276 perscripsit:
1856 2227 2031 2275 »Swaty

155 2289 257 2317 nass
297 2281 568 2319 waczlawe«.
599 2281 643 2318 In
675 2283 858 2329 operculo
890 2284 996 2321 infer.
1028 2285 1196 2322 occurrit
1226 2290 1320 2322 nota
1341 2296 1444 2323 saec.
1467 2285 1564 2323 XV:
1602 2286 1702 2323 »Iste
1725 2291 1784 2322 est
1803 2287 1902 2322 liber
1923 2288 2027 2323 dom.

154 2337 305 2375 Nicolai
345 2340 393 2376 de
424 2339 627 2387 Trzyebon
658 2341 750 2377 dicti
783 2341 841 2387 Ly
874 2370 881 2378 .
918 2371 925 2378 .
959 2371 970 2378 .
1012 2343 1115 2389 ka«;
1157 2346 1196 2379 in
1237 2343 1262 2380 f.
1310 2344 1412 2380 128:
1449 2345 1572 2381 »liber
1602 2345 1829 2381 monasterii
1865 2373 1872 2381 .
1908 2374 1915 2381 .
1952 2374 1958 2380 .
1992 2345 2032 2380 in

153 2395 371 2434 'rrzebon‹.
411 2397 559 2434 Deinde
601 2400 727 2435 codex
759 2399 851 2436 bibl.
884 2400 1197 2447 Rosenbergicae
1228 2401 1311 2448 fuit,
1345 2413 1394 2438 ex
1425 2414 1504 2449 qua
1535 2404 1737 2439 restitutus
1769 2407 1828 2438 est
1861 2407 2029 2438 monast.

155 2454 342 2502 praefato.

297 2566 390 2622 160
952 2570 989 2620 l.
1028 2571 1091 2619 D.
1130 2571 1212 2621 20.

155 2659 300 2702 chart.
330 2672 445 2702 saec.
477 2659 593 2701 XIV
602 2662 663 2716 ff
694 2662 784 2703 205
813 2674 951 2711 num„
983 2664 1039 2704 29
1061 2664 1178 2705 ><22
1208 2677 1292 2706 cm.
1317 2667 1339 2706 1
1358 2679 1418 2706 m.

298 2742 691 2794 Antiphonarium
721 2744 848 2785 notis
880 2744 1088 2800 musicis*
1105 2745 1399 2797 instructum.

300 2802 436 2840 Codex
466 2804 560 2841 bibl.
593 2804 916 2851 Rosenbergicae,
949 2810 1088 2852 postea
1119 2811 1288 2844 monast.
1320 2806 1583 2843 Trebonensis
1618 2807 1703 2843 fuit.

299 2913 373 2968 161
970 2918 1006 2967 I.
1046 2918 1109 2967 D.
1148 2919 1229 2967 21.

157 3007 302 3049 chart.
332 3020 451 3051 saec.
484 3007 575 3049 XV
595 3009 646 3063 ff.
679 3010 760 3050 251
797 3022 934 3058 num„
965 3011 1152 3052 30><21
1188 3023 1269 3050 cm.
1304 3012 1344 3053 d.
1378 3025 1436 3052 m.

299 3088 326 3128 f.
364 3090 566 3131 1·-168·
590 3090 987 3132 »Thomasskonis
1009 3092 1261 3134 Sermones
1284 3094 1339 3133 de
1355 3096 1606 3144 tempore«
1637 3092 1778 3134 »Cum
1798 3096 2032 3145 appropin-

158 3150 310 3198 quaret
337 3145 467 3187 Jesus
497 3147 812 3189 Jerosolimam.
846 3148 1009 3190 Sancta
1049 3154 1186 3191 mater
1213 3151 1422 3190 eeclesia«
1459 3152 1502 3188 ><
1539 3155 1615 3191 »ut
1647 3154 1791 3190 vitam
1825 3154 2032 3202 percipia-

159 3214 259 3243 mus
291 3208 482 3244 eternam
514 3206 694 3247 Amen«
750 3206 833 3256 (De
865 3212 1041 3248 auctore
1074 3208 1128 3248 cf.
1161 3208 1326 3248 Balbini
1359 3208 1466 3248 Boh.
1501 3209 1674 3248 doctam
1708 3208 1755 3257 ΙΙ,
1809 3209 1900 3250 195.
1952 3209 2031 3248 sed

159 3263 346 3301 observa
377 3274 605 3304 sermones
636 3267 699 3304 sic
730 3267 985 3317 incipientes
1016 3266 1112 3306 alibi
1145 3267 1314 3306 attribui
1346 3266 1514 3306 Jehlino
1547 3266 1600 3306 de
1631 3265 1887 3318 Wodnanl)

1074 3415 1118 3447 59
