2476 3782
1295 321 1377 362 897

552 460 577 500 f.
612 458 883 499 25921——287b
919 459 1121 501 »Puncta
1150 460 1252 500 libri
1283 460 1517 511 priorum«
1555 460 1835 502 Aristotelis.
1891 461 2062 512 »Incipit
2093 463 2270 501 materia

408 518 496 557 libri
530 520 716 569 priorum
750 518 1085 557 analeticorum‹
1121 519 1164 555 ><
1202 518 1412 570 »Explicit
1458 521 1638 558 materia
1677 522 1864 571 priorum
1910 530 1948 558 a.
1997 520 2037 559 d.
2082 518 2192 560 1449
2221 517 2268 560 ΙΙ.

407 575 482 615 fer.
516 579 616 626 post
647 575 805 614 festum
836 574 1006 615 Thome
1044 576 1098 615 de
1129 576 1341 628 Aquino«

552 644 578 684 f.
613 642 886 684 28812—307b
918 644 1156 695 capellani
1190 645 1394 685 »Puncta
1425 644 1529 684 libri
1558 645 1912 696 posteriorum«.
1979 645 2151 696 »Incipit
2180 654 2270 685 ma·

410 705 515 742 teria
545 703 865 742 Analeticorum
899 705 1212 754 posteriorum«
1248 706 1287 740 ><
1328 702 1405 742 »Et
1436 705 1498 742 sic
1531 707 1598 742 est
1627 702 1726 743 finis
1768 707 1926 755 poster.
1969 703 2122 743 analet.
2163 705 2188 742 i.
2230 713 2267 743 e.

414 761 767 799 resolutoriorum
802 771 877 811 per
908 772 1042 800 rever.
1076 759 1359 812 Capelianum
1393 760 1489 799 dive
1522 764 1726 800 memorie
1767 762 2045 800 collectorum
2077 771 2153 812 per
2182 771 2270 800 ma·

410 828 494 858 nus
525 817 758 858 Johannis
789 817 899 858 dicti
928 815 1106 858 Praiak
1136 820 1192 858 de
1222 817 1513 870 Krzyzanow
1542 830 1580 859 a.
1614 818 1653 858 d.
1690 818 1799 858 1449
1841 819 2024 858 sabbato
2055 822 2154 858 ante
2190 820 2270 870 pri-

411 886 526 914 mam
561 876 824 915 dominicam
857 879 958 927 post
988 875 1267 927 Epiphanie.«

546 946 588 983 In
621 947 686 984 fol.
720 948 932 985 membran.
966 949 1176 994 praeligato
1208 948 1280 983 hae
1313 950 1412 984 duae
1460 952 1574 984 notae
1620 950 1857 984 diversarum
1903 957 2089 983 manuum
2135 956 2270 982 occur-

410 1009 519 1041 runt:
558 1002 597 1053 1)
632 1004 864 1051 »Disputata
894 1005 1158 1042 Pobiezowicz
1190 1016 1306 1052 super
1335 1006 1454 1042 veteri
1486 1010 1590 1042 arte«
1627 1006 1739 1052 (nota
1769 1007 1864 1042 haec
1887 1010 2083 1041 auctorem
2105 1004 2270 1040 duorum

407 1064 579 1108 priorum
611 1073 771 1109 operum
802 1073 1033 1099 concernere
1064 1064 1247 1108 videtur),
1283 1064 1325 1109 2)
1361 1063 1663 1110 »Incorporatus
1694 1074 1780 1099 sum
1804 1064 1902 1099 alme
1922 1062 2163 1098 universitati
2181 1061 2272 1097 Pra-

408 1121 519 1166 gensi
550 1120 590 1156 in
623 1121 684 1156 die
714 1120 913 1167 Hedwigis
945 1122 1019 1157 sub
1051 1132 1170 1158 rever.
1204 1121 1307 1167 Mag.
1342 1120 1580 1157 Wenceslao
1612 1121 1705 1158 Pala
1725 1132 1758 1159 a.
1797 1113 1945 1158 146‘6.‹
1979 1120 2073 1156 Item
2096 1123 2271 1156 notatum

409 1182 469 1213 est
498 1179 538 1213 in
569 1178 634 1216 fol.
673 1178 774 1215 150a
804 1178 1012 1225 (illigato):
1051 1179 1246 1215 »Hilarius
1279 1180 1324 1214 de
1358 1178 1623 1215 Litomierzicz
1654 1180 1727 1215 sub
1758 1190 1857 1225 mag.
1892 1179 2000 1214 Petro
2031 1180 2078 1214 de
2099 1177 2274 1214 Hradecz

409 1235 551 1281 Regine
582 1237 698 1271 istam
730 1238 999 1272 determinavit
1030 1239 1274 1283 questionem
1301 1267 1309 1275 .
1338 1268 1345 1274 .
1374 1266 1381 1274 .
1409 1248 1443 1272 a.
1478 1237 1515 1273 d.
1554 1237 1656 1274 1451
1702 1237 1770 1273 illa
1799 1236 1864 1273 ser.
1897 1235 1933 1271 V
1965 1239 2052 1271 ante
2092 1235 2274 1282 reliquia-

411 1304 536 1330 rum«
571 1293 695 1329 Vetus
728 1296 828 1340 sign.
859 1295 902 1340 R,
937 1294 1002 1331 62.

548 1405 655 1458 897
1046 1406 1103 1455 V.
1141 1406 1198 1455 E.
1235 1406 1312 1455 422.
1352 1417 1411 1459 (Y.
1429 1417 1477 1450 Η.
1501 1419 1534 1450 5.
1553 1427 1588 1451 n.
1605 1417 1678 1458 34.)

412 1500 557 1539 chart.
589 1511 632 1539 a.
663 1498 855 1552 1479ff.
887 1498 973 1539 100
1001 1511 1140 1548 num„
1171 1500 1276 1540 215
1296 1501 1410 1541 ><15
1441 1512 1523 1540 cm.
1556 1500 1597 1540 d.
1629 1512 1690 1539 m.

557 1579 582 1619 f.
625 1579 801 1620 la—ss9·
832 1583 1040 1629 (anepigr.)
1071 1581 1339 1621 Aristotelis
1371 1580 1507 1621 Liber
1537 1581 1592 1621 de
1624 1580 1778 1621 causis
1811 1580 1982 1632 (dictus
2017 1579 2158 1620 etiam
2187 1579 2274 1620 Lu-

415 1648 520 1677 men
550 1636 798 1689 luminum)
830 1650 935 1678 eum
966 1639 1301 1679 commentario
1333 1638 1614 1689 Alpharabii.
1647 1638 1876 1690 Prologus:
1914 1636 2093 1678 »Utrum
2116 1638 2169 1677 de
2192 1640 2273 1689 pri-

413 1698 496 1734 mis
528 1699 675 1735 causis
708 1698 848 1746 possit
894 1708 994 1736 esse
1042 1699 1271 1736 sciencia«
1334 1696 1526 1737 Textus:
1592 1695 1771 1736 »Omnis
1803 1707 1939 1736 causa
1970 1698 2194 1748 primaria«
2229 1696 2272 1733 ><

420 1756 568 1792 »cuius
600 1756 788 1793 unitates
819 1754 1023 1794 faciens«
1062 1754 1178 1794 Finis
1210 1758 1472 1794 comment:
1510 1754 1626 1794 »Fen
1658 1755 1691 1795 Il
1721 1757 1819 1794 ante
1840 1753 2013 1794 Kather.
2050 1751 2198 1793 1479.‹

558 1810 584 1851 f.
620 1811 833 1851 7081--858ι
863 1811 1072 1864 (anepigr.)
1103 1811 1319 1852 Canones
1351 1812 1590 1852 astrolabii
1620 1812 1677 1852 ad
1697 1811 1894 1852 formam
1913 1810 2172 1862 longiorem
2193 1810 2276 1851 sed

414 1868 670 1909 faciliorem
701 1869 887 1910 redacti.
923 1869 1061 1922 »Quia
1092 1871 1259 1921 plurimi
1303 1871 1358 1910 ob
1400 1873 1576 1910 nimiam
1617 1870 1879 1922 quandoque
1925 1871 2272 1909 acurtacionem‹

417 1927 468 1976 ><
504 1926 646 1966 »Finis
678 1928 807 1966 huius
840 1930 1050 1979 scripture
1081 1927 1156 1967 fer.
1189 1927 1223 1967 II
1264 1932 1365 1980 post
1395 1927 1479 1967 Viti
1521 1931 1563 1967 in
1605 1929 1782 1979 collegio
1823 1927 2097 1975 Reiczkonis,
2150 1929 2193 1966 et
2232 1928 2276 1966 in

414 1987 605 2024 crastino
638 1985 751 2024 idem
784 1987 1004 2037 inceptum
1038 1997 1114 2037 per
1142 1985 1256 2037 Mag.
1289 1985 1503 2025 Jacobum
1536 1985 1592 2024 ad
1624 1985 1930 2025 declarandum
1962 1985 2069 2024 hora
2105 1984 2195 2024 18.‹

559 2042 586 2081 f.
618 2041 830 2082 862—97·
874 2042 1119 2094 (Gerhardi
1161 2043 1514 2095 Cremonensis)
1553 2043 1774 2084 Theorica
1811 2043 2114 2094 planetarum.
2166 2040 2278 2082 »Cir-

414 2101 540 2139 culus
573 2101 726 2140 dicitur
756 2101 1054 2141 excentricus«
1094 2102 1144 2152 ><
1181 2105 1249 2141 »et
1279 2113 1367 2141 non
1399 2102 1690 2152 corporaliter.
1724 2098 1834 2140 1479
1863 2103 1906 2140 in
1928 2101 2108 2152 collegio
2130 2098 2276 2140 Reicz-

417 2157 584 2197 konis«
621 2159 685 2209 (in
716 2158 854 2198 fronte
886 2159 913 2199 f.
946 2159 1026 2199 86a
1056 2160 1166 2199 haec
1198 2163 1302 2199 nota
1333 2163 1427 2199 est:
1466 2158 1703 2199 »Theorica
1729 2159 2026 2210 planetharum
2053 2161 2166 2209 cepit
2196 2158 2277 2209 legi

415 2226 491 2266 per
521 2215 634 2267 Mag.
666 2215 978 2256 Wenceslaum
1011 2217 1064 2256 de
1095 2216 1323 2268 Trzepsko
1356 2217 1429 2256 fer.
1464 2216 1497 2257 II
1530 2220 1631 2268 post
1661 2216 1804 2256 Prisce
1844 2216 1952 2256 hora
1981 2215 2037 2255 20
2058 2213 2276 2267 (14)79.«)

559 2273 586 2312 f.
619 2273 863 2314 98¹³1—IOOa
895 2274 1075 2325 Figurae
1107 2278 1427 2315 astronomicae
1480 2275 1536 2313 ad
1569 2285 1682 2326 opus
1712 2273 1980 2325 praecedens
2012 2276 2262 2324 spectantes

554 2343 746 2390 Operculo
778 2355 905 2392 super.
939 2346 1152 2391 adligatum
1185 2350 1243 2382 est
1273 2345 1529 2392 fragmentum
1552 2346 1708 2383 membr.
1729 2340 1889 2382 ‘codicis
1921 2355 2023 2382 saec.
2056 2343 2278 2380 XIV—XV

414 2401 605 2437 exhibens
637 2403 790 2448 regulas
821 2403 923 2439 vitae
954 2404 1132 2439 versibus
1164 2414 1371 2450 expressas
1392 2405 1492 2440 inc.:
1529 2402 1700 2450 »Linque
1721 2407 1865 2439 metum
1886 2403 1964 2449 leti,
1998 2413 2087 2438 narn
2116 2402 2277 2439 stultum

414 2464 474 2495 est
503 2463 674 2506 tempore
707 2461 852 2498 omni.«
888 2460 1011 2497 Vetus
1043 2463 1143 2507 sign.
1175 2461 1221 2507 D,
1255 2461 1322 2502 38,

469 2546 474 2551 ⁵
553 2570 664 2623 898
1022 2573 1078 2622 V.
1117 2573 1172 2622 E.
1208 2573 1280 2622 4ο.
1318 2584 1376 2627 (Y.
1395 2584 1442 2617 11.
1458 2585 1491 2617 5.
1518 2594 1551 2616 n.
1569 2584 1617 2626 2.)

417 2663 561 2704 chart.
592 2675 710 2704 saec.
739 2663 833 2704 XV
856 2665 914 2704 in.
946 2667 1074 2718 (pars
1104 2678 1148 2706 a.
1194 2665 1328 2718 1405)
1352 2665 1407 2719 ff.
1440 2665 1526 2707 140
1554 2676 1692 2713 uum„
1737 2663 1987 2704 21·5><15·5
2024 2675 2108 2704 cm.
2141 2663 2183 2704 d.
2215 2675 2276 2704 m.

560 2744 588 2783 f.
627 2745 807 2785 12—7621
838 2746 1045 2797 (anepigr.)
1100 2746 1413 2798 Quaestiones
1466 2757 1606 2796 super
1653 2744 1921 2785 Aristotelis
1958 2744 2276 2786 Posteriorum

416 2802 777 2900 gpAEgssclsslgros.
813 2803 993 2843 »Omnis
1026 2804 1221 2844 doctrina
1251 2808 1293 2844 et
1325 2807 1469 2844 omnis
1501 2804 1747 2854 disciplina«
1784 2803 1829 2840 ><
1863 2805 2010 2854 »ponit
2049 2803 2275 2854 implicitas

561 2929 587 2969 f.
621 2928 858 2970 77³—108b
889 2930 1005 2982 Mag.
1037 2930 1166 2971 Petri
1197 2932 1252 2971 de
1283 2930 1602 2982 Premyslavia
1639 2928 1885 2980 Disputata
1925 2928 2275 2980 consequentia-

417 2997 534 3026 rum.
601 2987 827 3039 »Queritur
865 2991 1016 3039 primo,
1062 2993 1205 3029 utrum
1239 2989 1292 3028 de
1313 2990 1663 3040 ‘consequenciis
1695 2990 1751 3027 sit
1781 2990 1994 3028 sciencia«
2030 2989 2073 3025 ><
2096 2987 2277 3039 »Expli-

419 3046 983 3153 piigmctugqpssquenciarum
1016 3046 1235 3098 disputata
1265 3058 1352 3086 rev.
1386 3058 1498 3097 mag.
1532 3045 1576 3085 P.
1610 3045 1663 3084 de
1694 3044 1757 3085 Pr.
1791 3045 1910 3085 finita
1954 3045 2005 3086 III
2055 3044 2130 3084 fer.
2177 3048 2279 3096 post

562 3171 588 3211 f.
629 3171 898 3212 10922--116a
926 3175 1136 3222 (anepigr.)
1165 3171 1290 3212 Modi
1320 3171 1546 3223 probandi
1575 3171 1922 3223 propositiones
1943 3172 2168 3214 diversas.
2204 3171 2274 3211 »In

418 3229 607 3278 generali
639 3229 727 3269 duo
760 3234 861 3270 sunt
891 3229 1113 3270 facienda«
1151 3230 1194 3269 ><
1229 3230 1440 3281 »Explicit
1469 3232 1615 3270 textus
1646 3229 2003 3281 philosophorum
2036 3229 2088 3281 (?)
2127 3229 2275 3269 finitus

419 3297 457 3325 a.
492 3286 532 3326 d.
569 3285 678 3326 1405
710 3286 783 3326 fer.
816 3287 842 3326 3
873 3291 972 3327 ante
1004 3289 1133 3327 letare
1165 3290 1209 3327 in
1240 3289 1384 3339 vigilia
1417 3288 1456 3327 b.
1489 3289 1664 3338 virginis
1694 3286 1865 3330 Maria«

1316 3435 1383 3468 368
