2476 3782
1077 232 1133 271 99

304 377 523 424 Responsio
554 375 665 421 haec,
698 384 815 420 quam
847 384 895 409 ex
927 373 1005 408 alio
1037 374 1172 408 codice
1205 373 1306 409 edid.
1339 371 1501 407 Loserth
1522 371 1667 408 Archiv
1690 372 1714 408 f.
1738 372 1871 407 osterr.
1897 372 2037 409 Gesch.

165 435 237 482 75,
268 435 351 472 344
382 445 456 482 sq.,
487 435 634 480 scripta
663 437 722 468 est
754 435 890 468 contra
915 430 1226 477 »Replicationes
1247 429 1596 475 Wiclefistarum«,
1619 440 1717 476 quas
1740 428 1843 466 edid.
1868 428 2038 475 Palacky

166 494 334 532 Docum.
365 504 403 540 p.
435 492 534 529 495.

305 616 375 671 97
983 611 1023 661 I.
1065 610 1111 660 C.
1149 612 1193 660 6.

165 711 312 752 chart.
344 723 388 751 a.
419 708 611 762 1392ff.
644 708 732 749 115
758 718 896 753 num„
927 705 986 746 30
1002 704 1120 745 ><20
1150 716 1233 744 cm.
1267 706 1290 745 1
1325 717 1383 744 m.

304 790 442 832 Liber
471 788 745 831 eruditionis
775 786 1038 839 principum
1069 785 1291 838 (Thomae
1323 785 1380 826 de
1410 786 1628 837 Aquino).

305 860 334 901 f.
371 861 414 900 1·
447 859 623 911 »Incipit
653 859 860 911 prologus
894 889 904 898 .
938 889 947 897 .
982 888 990 896 .
1024 855 1137 897 Cum
1160 867 1261 907 pars
1293 856 1467 895 illustris
1499 856 1682 895 ecclesie
1706 858 1761 895 sit
1782 860 1906 895 cetus
1929 858 2039 907 prin-

166 922 338 972 cipum«
373 919 417 958 ><
447 917 475 958 s.
514 917 615 958 115ἰ
651 916 860 967 »Explicit
903 915 1009 954 liber
1054 914 1315 954 erudicionis
1353 916 1607 965 principum.
1642 913 1905 953 Benedictus
1930 914 2040 953 deus

166 979 240 1030 qui
270 979 430 1028 incepit
459 979 502 1015 et
532 975 765 1026 complevit
794 973 950 1013 Amen.
983 972 1347 1012 PerberonenseS.
1380 972 1509 1011 Anno
1542 971 1583 1011 d.
1622 971 1729 1011 1392
1761 971 1910 1011 finitus
1942 972 2046 1011 feria

167 1037 317 1088 quinta
346 1038 449 1086 post
478 1033 640 1074 festum
673 1032 989 1084 penthecosten
1011 1042 1087 1082 per
1105 1030 1327 1070 Bartham
1357 1029 1510 1070 Beron
1544 1061 1552 1069 .
1587 1061 1596 1069 .
1632 1047 1664 1068 .‹
1703 1031 1866 1078 (cetera
1887 1036 2044 1076 erasa).

167 1091 312 1146 (Opus
342 1093 427 1132 hoc
458 1092 514 1132 ab
546 1092 640 1131 aliis
672 1089 886 1130 Guilelmo
918 1088 1099 1128 Peraldo
1131 1091 1173 1128 et
1204 1087 1269 1127 Fr.
1303 1087 1499 1127 Huberto
1531 1087 1623 1127 ord.
1658 1087 1804 1139 praed.
1838 1090 2045 1139 magistro

167 1151 438 1198 attribuitur).

307 1220 443 1258 Codex
474 1231 580 1259 sace.
628 1219 703 1256 XV
742 1224 911 1257 monast.
954 1217 1230 1264 Tiebonensis,
1277 1220 1367 1255 dein
1399 1219 1492 1256 bibl.
1527 1219 1853 1265 Rosenbergicae‚
1886 1229 1935 1253 ex
1968 1229 2046 1264 qua

166 1279 371 1317 restitutus
401 1283 571 1317 monast.
605 1279 779 1325 praefato
810 1283 1010 1325 postremo
1042 1278 1093 1312 ad
1123 1287 1197 1313 nos
1229 1278 1415 1323 pervenit.

306 1403 379 1458 98
987 1401 1027 1451 I.
1068 1400 1114 1451 C.
1154 1402 1196 1451 7.

167 1495 360 1538 membr.
392 1498 433 1537 et
461 1496 607 1537 chart.
638 1508 755 1537 saec.
788 1495 881 1536 XV
891 1495 954 1550 ff
986 1495 1087 1544 221,
1114 1494 1172 1536 30
1188 1495 1305 1535 ><22
1335 1506 1419 1535 cm.
1450 1494 1473 1535 1
1509 1507 1569 1535 m.

303 1576 534 1618 Homiliae
573 1576 996 1628 quadragesimales
1036 1575 1331 1616 diversorum
1361 1575 1439 1616 SS.
1471 1579 1669 1627 patrum.
1717 1575 1927 1628 (Maioris
1959 1576 2048 1616 col-

167 1634 385 1678 lectionis
415 1646 525 1687 pars
554 1634 622 1686 11.,
653 1638 702 1675 ut
732 1635 861 1675 docet
889 1638 996 1674 nota
1025 1637 1068 1674 in
1100 1634 1306 1685 operculo
1338 1637 1582 1685 superiori.)

305 1704 334 1746 f.
371 1705 415 1744 1¹²
451 1704 597 1745 »Feria
628 1708 781 1757 quarta
811 1704 899 1753 (die
931 1706 1143 1752 cinerum)
1181 1702 1338 1743 Omilia
1374 1702 1419 1744 S.
1457 1704 1714 1756 Augustini«
1752 1735 1760 1743 .
1796 1735 1805 1744 .
1840 1735 1849 1744 .
1880 1703 1910 1743 f.
1942 1703 2048 1742 22110

174 1761 395 1804 »Sabbato
427 1763 606 1815 pasche.
639 1761 794 1803 Sermo
826 1763 868 1802 b.
899 1762 1098 1803 leronimi
1130 1762 1299 1813 presb«
1330 1794 1338 1802 .
1367 1794 1375 1802 .
1402 1795 1411 1803 .
1438 1762 1659 1814 (Explicit)
1695 1761 1927 1802 »Secunda
1948 1772 2049 1813 pars

170 1821 425 1862 omeliarum
455 1833 482 1861 a
507 1824 647 1873 capite
678 1823 863 1861 ieiunii«.
896 1823 1018 1869 (rubr.
1038 1822 1068 1868 :)
1103 1819 1254 1859 »Liber
1284 1824 1535 1860 monasterii
1566 1821 1727 1861 domus
1760 1818 1804 1860 S.
1837 1820 1974 1871 Egidii
2007 1822 2048 1858 in

169 1878 210 1920 T
211 1879 376 1920 rzebon
405 1879 512 1919 alias
543 1882 588 1920 in
617 1878 856 1931 Witignaw
877 1881 1188 1919 canonicorum
1216 1879 1347 1930 regul.
1372 1879 1464 1918 ord.
1488 1877 1532 1919 S.
1556 1879 1789 1930 Augustini
1811 1880 2044 1930 episcopi«

309 1951 355 1988 In
385 1951 571 1999 operculo
601 1951 770 1988 inferiori
801 1951 898 1987 haec
930 1954 1025 1986 nota
1055 1951 1246 1986 occurrit:
1283 1951 1355 1988 »A.
1374 1953 1413 1989 d.
1438 1951 1544 1987 1442
1578 1961 1714 1987 mense
1746 1950 1840 1986 Maii
1871 1955 2048 1997 portatus

171 2019 239 2057 per
268 2011 307 2047 d.
338 2008 380 2053 L.
422 2008 535 2046 Liber
574 2010 803 2046 omeliarum
845 2020 869 2045 a
899 2009 1024 2055 capite
1065 2009 1199 2044 ieiunii
1239 2019 1364 2055 usque
1406 2009 1556 2055 pascha
1586 2014 1756 2046 monast.
1788 2010 1829 2045 in
1859 2007 2049 2044 Trziebon

172 2067 344 2105 diocesis
374 2066 607 2114 Pragensis‹
642 2067 790 2114 (cetera
820 2067 946 2113 legere
978 2077 1059 2103 non
1089 2067 1324 2113 potuimus).
1357 2066 1416 2103 Ex
1446 2072 1616 2106 monast.
1649 2066 1891 2103 Tiebonensi
1923 2067 2049 2102 codex

173 2129 307 2163 noster
345 2126 387 2162 in
427 2126 523 2163 bibl.
563 2126 892 2172 Rosenbergicam
922 2124 1108 2172 pervenit,
1140 2126 1244 2161 unde
1285 2126 1487 2162 restitutus
1519 2130 1717 2172 postremo
1750 2126 1865 2161 nobis
1898 2125 2048 2171 obtigit.

313 2248 382 2304 99
992 2249 1031 2298 Ι.
1073 2248 1120 2299 C.
1156 2250 1204 2299 8.

173 2343 322 2384 chart.
350 2354 469 2384 saec,
499 2341 593 2383 XV
602 2343 666 2397 ff‘.
696 2343 784 2384 200
812 2356 953 2394 num„
981 2344 1036 2385 31
1056 2344 1173 2384 ><22
1202 2356 1286 2384 cm.
1317 2343 1346 2384 4
1375 2356 1435 2384 m.

310 2423 339 2464 f.
375 2421 535 2464 1—24b
565 2423 807 2466 Tractatus
838 2425 895 2466 de
926 2425 1086 2466 decem
1115 2425 1391 2477 praeceptis.
1428 2425 1567 2466 »Audi
1598 2426 1729 2466 Israel
1750 2430 1953 2478 precepta
1975 2426 2050 2465 do-

175 2485 304 2523 mini«
324 2483 370 2521 ><
390 2485 626 2523 »iactancia
665 2483 823 2535 spoliat
866 2483 1089 2524 hominem
1131 2496 1157 2524 a
1201 2487 1348 2536 gracia
1378 2484 1447 2523 dei
1479 2488 1521 2524 et
1551 2488 1735 2524 cetera«
1770 2485 1954 2533 (Auctor
1984 2488 2050 2523 est

174 2539 405 2582 Henricus
435 2540 492 2581 de
521 2539 778 2591 Frimaria).

314 2609 344 2651 f.
375 2609 618 2650 25⁸—189⁸
647 2608 859 2662 Gregorii
886 2621 1030 2663 papae
1056 2610 1090 2652 1.
1119 2610 1315 2651 Moralia
1343 2622 1429 2652 seu
1450 2611 1683 2663 expositio
1704 2611 1753 2652 in
1772 2611 1943 2652 librum
1961 2611 2050 2652 Job

177 2667 365 2720 (absque
397 2667 642 2717 divisione).

311 2736 341 2778 f.
378 2735 647 2778 190⁸—200b
677 2737 900 2790 (Thomae
929 2738 1198 2791 Aquinatis)
1227 2738 1474 2792 Expositio
1514 2750 1657 2790 super
1686 2738 1880 2780 Cantica
1909 2738 2050 2780 canti-

179 2805 354 2836 corum.
403 2793 638 2836 »Salomon
678 2799 914 2848 inspiratus
956 2796 1102 2836 divino
1144 2800 1319 2849 spiritu«
1366 2798 1409 2835 ><
1445 2798 1525 2836 »ad
1564 2797 1819 2837 intuendum
1862 2808 2050 2849 superne

179 2852 380 2893 claritatis
419 2853 600 2905 gloriam
641 2865 816 2906 semper
854 2854 1030 2903 inhiare,
1073 2855 1130 2894 ad
1161 2867 1292 2906 quam
1326 2866 1409 2895 nos
1442 2856 1678 2906 perducere
1711 2855 1910 2906 dignetur
1940 2860 2046 2895 ete.‹

179 2908 227 2951 In
258 2913 437 2951 canticis
468 2914 563 2952 istis
595 2917 696 2964 peto
727 2923 804 2964 pro
836 2913 972 2952 tribus
1004 2915 1098 2952 istis
1131 2917 1212 2953 etc.
1244 2916 1400 2962 (oratio
1431 2913 1709 2962 versificata).

319 2980 511 3029 operculo
552 2993 680 3031 super.
723 2984 937 3030 adligatum
978 2989 1037 3020 est
1077 2984 1334 3030 fragmentum
1377 2985 1589 3021 membran.
1620 2984 1818 3020 literarum
1858 2984 2050 3020 Johannis

180 3037 282 3076 Kbel
311 3039 491 3077 officialis
530 3043 610 3079 dat.
657 3041 763 3078 1397
795 3037 895 3088 (¹7³)
926 3043 1124 3089 quandam
1165 3043 1270 3079 litem
1313 3043 1360 3078 de
1392 3043 1609 3078 scribendis
1640 3043 1702 3078 vel
1733 3043 1887 3089 scriptis
1920 3041 2051 3078 bibliis

181 3097 512 3144 componentium.
557 3098 660 3135 Huic
690 3099 783 3135 folio
815 3109 928 3135 verso
959 3110 1086 3136 vacuo
1118 3102 1316 3146 inscripsit
1347 3111 1487 3136 manus
1520 3111 1623 3137 saec.
1655 3099 1729 3135 XV
1759 3101 1890 3136 literas
1922 3101 2052 3135 indul-

181 3155 397 3201 gentiarum
429 3154 642 3193 Clementis
672 3167 810 3204 papae,
851 3168 1016 3204 quarum
1056 3158 1172 3194 finem
1214 3160 1304 3194 vide
1346 3158 1386 3194 in
1417 3158 1483 3194 fol.
1516 3158 1653 3193 ultimo
1686 3168 1813 3196 verso.
1857 3157 2050 3204 Operculo

181 3211 292 3249 infer.
326 3212 540 3259 adligatum
572 3218 631 3250 est
661 3214 727 3252 fol.
761 3215 974 3252 membran.
1009 3217 1214 3252 cuiusdam
1246 3216 1333 3252 libri
1359 3215 1528 3262 liturgici
1551 3226 1655 3253 saec.
1680 3214 1763 3260 XII,
1796 3226 1874 3262 quo
1898 3216 2049 3252 exorci-

1098 3362 1138 3394 31
