2476 3782
363 296 468 330 xvul

363 449 492 489 quam
527 446 705 488 prorsus
738 435 889 474 nullae.
953 434 1067 486 Quin
1099 434 1352 485 corrigenda
1381 437 1423 474 et
1453 434 1656 476 addenda
1696 439 1738 475 in
1770 437 1855 476 tine
1897 437 1986 475 libri
2028 439 2128 475 ante
2162 439 2222 476 in-

361 507 499 546 dicem
532 507 674 557 posita
705 503 933 555 plurimum
979 505 1126 554 augeri
1159 505 1340 554 possint,
1388 514 1664 560 nequaquam
1711 504 1874 550 dubito,
1923 505 2001 544 sed
2033 516 2059 543 a
2090 505 2219 546 bene-

360 575 470 615 volis
502 580 543 614 et
574 577 630 613 rei
665 575 808 624 peritis
840 572 1022 621 arbitris,
1057 574 1093 611 si
1124 574 1165 611 in
1198 575 1317 612 tanto
1359 576 1401 612 et
1445 576 1532 612 tam
1579 573 1779 614 diuturno
1826 575 1970 613 labore
2018 585 2218 614 nonnun-

362 655 492 697 quam
525 644 858 687 dormitaverim,
891 644 1063 680 veniam
1097 644 1208 692 peto.

499 723 611 763 Huic
643 722 840 772 catalogo
871 725 912 761 in
945 721 1030 761 fine
1064 721 1284 760 subiectae
1307 725 1409 761 sunt
1429 721 1626 762 diversae
1657 722 1840 772 tabulae,
1874 733 2056 775 quarum
2079 724 2216 773 prima

362 793 501 839 docet,
534 792 649 832 unde
681 791 940 830 bibliotheca
971 794 1120 830 nostra
1150 790 1325 829 codices
1356 791 1512 830 latinos
1543 794 1768 842 acceperit,
1800 795 1952 832 ceteris
1986 794 2110 844 quasi
2129 791 2212 831 sub

362 873 450 901 uno
481 864 663 913 aspectu
695 863 914 911 ponuntur
945 859 990 908 2)
1021 859 1196 899 codices
1228 859 1343 899 latini
1374 870 1487 900 saec.
1520 858 1617 900 XIV
1647 862 1924 912 antiquiores,
1966 860 2011 909 3)
2043 860 2218 901 codices

362 933 477 970 latini
508 931 654 970 litteris
685 930 915 968 initialibus
963 931 1086 980 pictis
1132 929 1200 968 vel
1243 929 1504 980 imaginibus
1550 931 1757 978 exornati,
1802 929 1847 978 4)
1879 930 2056 969 codices
2103 930 2220 969 latini

362 1002 587 1040 bohemice
619 1000 798 1050 glossati
830 999 897 1038 vel
928 998 1179 1049 interpolati,
1212 997 1258 1046 5)
1289 998 1464 1038 codices
1505 998 1632 1049 latini,
1675 999 1831 1050 quibus
1878 998 2072 1039 admixta
2118 1002 2221 1038 sunt

362 1070 574 1121 opuscula
604 1069 845 1118 bohemica,
877 1066 923 1116 6)
954 1067 1130 1106 codices
1177 1068 1292 1107 latini
1335 1069 1579 1119 germanice
1625 1068 1805 1118 glossati
1850 1068 1918 1107 vel
1963 1068 2216 1119 interpolati,

362 1139 406 1188 7)
438 1139 614 1179 codices
646 1138 776 1185 latini,
823 1137 981 1189 quibus
1013 1136 1207 1176 admixta
1252 1140 1354 1176 sunt
1399 1137 1611 1188 opuscula
1655 1139 1914 1187 germanica,
1962 1136 2008 1185 8)
2040 1137 2216 1176 codices

362 1210 491 1258 latini,
522 1211 565 1247 in
599 1207 756 1258 quibus
787 1209 936 1246 insunt
983 1206 1197 1257 opuscula
1243 1209 1357 1258 typis
1403 1217 1569 1246 excusa
1612 1206 1681 1245 vel
1725 1208 1936 1256 imagines
1982 1207 2097 1257 ligno
2143 1210 2218 1245 aut

361 1279 447 1318 aeri
478 1280 654 1327 incisae,
686 1276 730 1327 9)
763 1276 938 1315 codices
970 1276 1097 1326 latini,
1146 1287 1330 1328 quorum
1362 1275 1575 1327 operculis
1615 1274 1801 1325 adligata
1846 1274 1914 1313 vel
1954 1274 2218 1325 adglutinata

362 1352 464 1386 sunt
494 1347 735 1398 fragmenta
764 1345 966 1384 hebraica
997 1348 1037 1384 et
1068 1345 1272 1396 liturgica.
1334 1345 1557 1384 Postremo
1605 1345 1797 1395 sequitur
1827 1342 1957 1382 unico
1988 1342 2218 1394 alphabeto

362 1420 593 1456 contextus
624 1415 755 1455 index
787 1425 1086 1466 personarum,
1119 1415 1324 1466 locorum,
1368 1425 1508 1454 rerum
1540 1425 1567 1453 a
1597 1413 1699 1453 Phil.
1732 1411 1817 1452 Dre
1848 1411 1912 1451 Vl.
1946 1410 2087 1463 Kybal
2115 1422 2218 1452 con-

361 1488 573 1534 cinnatuS,
608 1485 660 1523 de
693 1495 792 1536 quo,
839 1495 939 1523 cum
973 1494 1054 1522 sua
1099 1483 1437 1534 praefatiuncula
1481 1484 1717 1523 instructus
1764 1481 1830 1531 sit,
1878 1481 1948 1520 hic
1994 1482 2219 1531 copiosius

362 1555 504 1594 dicere
538 1553 817 1604 supersedeo.

501 1887 660 1936 Restat,
694 1891 740 1926 ut
769 1889 929 1938 gratias
948 1898 1111 1938 easque
1129 1889 1343 1927 maximas
1365 1897 1492 1937 agam
1513 1886 1615 1925 viris
1648 1885 1702 1924 de
1733 1886 1816 1925 hoc
1838 1884 2037 1934 catalogo
2059 1883 2219 1933 optime

362 1959 534 2006 meritis,
569 1959 640 2007 qui
673 1957 816 2007 plures
849 1960 966 2004 sunt,
1008 1967 1138 2007 quam
1179 1959 1227 1995 ut
1256 1966 1410 1995 omnes
1452 1955 1692 1995 enumerari
1738 1955 1920 2005 possint.
1983 1950 2113 2003 Quod
2144 1960 2218 1990 co-

361 2027 482 2065 dices
513 2029 689 2064 nostros
722 2036 855 2064 manu
886 2027 1072 2076 scriptos
1103 2027 1348 2065 accuratius
1380 2025 1623 2064 describere
1664 2026 1799 2075 coepi,
1842 2024 2037 2074 inprimis
2079 2019 2221 2060 excel-

361 2095 587 2135 lentissimi
620 2097 695 2134 viri
718 2093 864 2134 GUIL.
888 2106 954 2146 eq.
978 2093 1218 2145 HARTEL,
1243 2106 1278 2134 c.
1302 2106 1331 2134 r.
1356 2094 1606 2134 eruditionis
1638 2093 1834 2145 publicae
1856 2093 2050 2141 ministri,
2083 2089 2219 2129 favori

361 2169 404 2204 et
434 2164 760 2204 benevolentiae
794 2163 985 2214 debetur,
1033 2166 1104 2215 qui
1147 2164 1248 2203 mihi
1294 2163 1347 2203 de
1393 2164 1476 2203 hoc
1518 2173 1647 2214 opere
1693 2164 1894 2214 cogitanti
1939 2172 2028 2201 non
2074 2159 2216 2199 solum

362 2234 570 2273 benevole
602 2235 764 2281 annuit,
798 2232 876 2271 sed
908 2235 1035 2272 etiam
1068 2234 1252 2283 catalogi
1281 2235 1396 2284 typis
1428 2231 1673 2272 excudendi
1715 2242 1793 2283 spe
1824 2233 1909 2270 iam
1953 2233 2043 2270 tum
2089 2229 2213 2278 illata,

361 2307 408 2342 ut
438 2306 496 2341 ita
526 2302 681 2351 dicam,
714 2302 896 2340 calcaria
926 2301 1101 2342 addidit.
1148 2301 1339 2341 Easdem
1369 2303 1528 2352 gratias
1560 2300 1696 2340 refero
1728 2298 2092 2340 excellentissimo
2123 2300 2218 2337 eius

361 2372 545 2411 antehac
563 2371 752 2420 collegae
778 2368 906 2410 ANT.
925 2370 1122 2421 REZEK,
1145 2373 1231 2422 qui,
1252 2374 1300 2410 ut
1320 2374 1387 2410 est
1402 2372 1664 2421 antiquitatis
1686 2371 1966 2420 investigator
1986 2368 2220 2419 diligentis-

362 2443 513 2489 simus,
532 2442 726 2479 instituto
743 2451 841 2479 meo
859 2438 1186 2479 contentissime
1204 2439 1465 2491 suffragatus
1483 2442 1560 2478 est.
1579 2436 1728 2490 Neque
1746 2440 1874 2477 etiam
1892 2437 2010 2476 domi
2026 2436 2218 2477 fautores

361 2509 559 2548 benevoli
581 2512 623 2547 et
643 2508 862 2547 adiutores
885 2519 1026 2547 rerum
1058 2511 1302 2559 peritissimi
1323 2508 1426 2548 mihi
1457 2508 1647 2548 deerant.
1687 2507 1826 2546 Primo
1849 2507 2104 2546 doctissimo
2124 2508 2217 2546 viro

362 2576 506 2617 RICH.
538 2575 790 2627 KUKULA,
813 2577 1095 2616 bibliothecae
1127 2581 1300 2616 nostrae
1323 2576 1539 2628 praefecto
1571 2578 1790 2623 acerrimo,
1814 2577 2043 2626 plurimum
2066 2575 2219 2624 debeo,

361 2650 446 2698 qui,
466 2650 675 2697 quantum
698 2645 787 2685 fieri
807 2650 984 2697 poterat,
1011 2647 1200 2686 laborem
1228 2657 1372 2686 meum
1392 2645 1648 2686 sublevabat
1677 2643 1891 2684 adiunctis
1914 2644 2016 2683 mihi
2033 2646 2215 2696 singulis

362 2716 516 2755 diebus
538 2727 614 2766 per
642 2726 774 2754 unam
807 2716 959 2755 horam
990 2715 1273 2755 bibliothecae
1300 2714 1570 2762 officialibus,
1594 2713 1667 2765 qui
1693 2714 1837 2753 titulos
1870 2724 2051 2764 operum
2083 2725 2217 2755 manu

362 2787 618 2835 scriptorum
636 2795 659 2823 e
677 2784 851 2823 schedis
869 2787 978 2824 meis
995 2785 1328 2824 transcriberent
1345 2787 1387 2823 et
1401 2786 1444 2823 in
1462 2783 1655 2822 ordinem
1673 2782 1888 2833 alphabeti
1906 2782 2157 2833 digererent,
2174 2784 2218 2824 id

361 2853 479 2905 quod
497 2853 600 2892 mihi
621 2852 678 2891 ad
699 2864 811 2904 opus
834 2854 1179 2904 promovendum
1197 2853 1389 2893 maximo
1405 2854 1504 2892 usui
1521 2855 1621 2891 erat.
1644 2851 1709 2890 Eo
1726 2851 1858 2890 modo
1876 2853 2038 2902 partitis
2055 2855 2220 2904 tempo-

362 2923 480 2961 ribus
511 2922 555 2961 hi
588 2922 777 2972 collegae
823 2925 1074 2961 amicissimi
1120 2934 1189 2961 me
1220 2923 1452 2962 iuvabant:
1502 2920 1607 2960 Boh.
1640 2906 1825 2960 Cermak
1856 2920 1900 2971 (ἦ-
1936 2919 2075 2969 1899),
2122 2920 2216 2962 Joh.

361 2978 556 3042 Stastny,
589 2990 696 3030 Boh.
729 2989 929 3039 Navratil,
977 2991 1043 3031 Fr.
1077 2989 1329 3039 Studnicka‚
1377 2989 1487 3030 Guil.
1519 2989 1687 3040 Herzig.
1735 2988 1893 3040 quibus
1924 2988 2008 3028 hoc
2040 3001 2215 3042 quoque

362 3061 458 3099 loco
490 3061 657 3099 debitas
688 3062 847 3110 gratias
880 3059 1028 3100 reserO.
1090 3059 1321 3112 Suppetias
1353 3070 1516 3111 easque
1558 3061 1772 3098 maximas
1803 3057 1906 3097 mihi
1937 3058 2087 3098 crebro
2118 3059 2219 3100 affe-

362 3130 513 3169 rebant
542 3131 619 3168 viri
651 3132 1008 3179 praestantissimi
1039 3133 1168 3181 atque
1201 3130 1440 3169 doctissimi
1470 3127 1582 3167 JAR.
1605 3125 1766 3174 GOLL‚
1799 3128 2088 3167 universitatis
2121 3129 2218 3169 Pra-

362 3200 511 3249 gensis
543 3197 765 3249 professor
796 3199 1092 3249 dignissimus,
1126 3203 1167 3238 et
1198 3198 1356 3238 FERD.
1389 3196 1598 3246 TADRA,
1630 3196 1794 3247 collega
1816 3198 2121 3246 suavissimus,
2159 3199 2216 3238 ad

362 3278 546 3319 quorum
578 3270 710 3306 nutus
741 3268 973 3306 nonnullos
1005 3279 1170 3307 errores
1203 3269 1456 3318 tempestive
1487 3267 1654 3306 evitavi.
1697 3264 2013 3305 Consummato
2044 3267 2222 3308 tandem
