2476 3782
1336 267 1413 307 122

571 401 597 441 s.
637 402 760 442 195b:
799 402 1070 454 »Expliciunt
1111 404 1224 444 dicta
1264 405 1508 457 Haymonis
1540 406 1709 446 abbatis
1742 406 2025 447 Cliniacensis
2057 406 2219 447 ordinis
2252 406 2296 448 S.

437 458 656 499 Benedicti
690 464 731 499 et
763 471 886 500 sacre
919 462 1133 513 theologie
1167 463 1355 502 doctoris
1388 474 1520 515 super
1550 465 1759 515 epistolas
1793 465 1908 504 Pauli
1942 476 2016 516 per
2038 476 2196 504 manus
2218 464 2299 517 Sy-

435 517 588 557 monis
620 518 867 568 presbiteri
910 523 1010 559 tunc
1043 523 1250 571 temporis
1281 523 1425 560 vicarii
1457 521 1504 561 in
1536 521 1733 573 Smydar
1764 533 1929 561 moram
1962 522 2180 569 trahentis,
2213 525 2299 563 nati

434 575 621 614 condam
656 574 909 615 Duchconis
942 577 994 616 de
1028 577 1197 617 Ledecz
1229 590 1361 630 prope
1385 578 1689 619 Rozdalowicz
1713 584 1754 619 et
1775 580 1858 619 hoc
1881 579 1984 619 feria
2005 579 2061 619 IV
2082 583 2123 619 in
2146 583 2301 621 octava

435 631 512 672 SS.
547 637 687 684 apost.
722 633 829 673 Petri
863 638 904 674 et
935 634 1051 674 Pauli
1074 638 1116 675 in
1134 647 1306 675 camera
1337 640 1441 687 aput
1463 637 1686 676 dominum
1705 637 2049 689 Hynczyconem
2067 638 2299 689 plebanum

434 693 474 729 in
508 690 697 742 Smydar
728 691 943 731 decanum
976 704 1014 732 a.
1049 693 1089 732 d.
1126 692 1275 733 1401.‹

572 773 707 810 Codex
739 785 773 812 a.
811 775 917 812 1609
950 775 1043 812 bibl.
1076 776 1395 822 Rosenbergicae,
1428 777 1518 813 dein
1550 778 1773 814 monasterii
1805 776 2066 814 Trebonensis
2098 777 2181 815 fuit.

578 909 666 961 122
1223 911 1260 959 I.
1303 911 1347 960 C.
1385 912 1465 960 30.

434 1014 578 1054 chart.
611 1026 653 1054 a.
697 1013 805 1054 1411
837 1015 899 1068 ff
942 1015 1041 1064 170,
1080 1014 1270 1056 30><22
1309 1028 1392 1056 cm.
1433 1017 1461 1056 2
1491 1028 1550 1056 m.
1592 1028 1695 1056 cum
1737 1017 1799 1057 lit.
1840 1018 2001 1058 im'tial.
2042 1018 2214 1068 rubris,
2247 1019 2300 1059 ‘in

431 1083 632 1123 quarum
657 1072 807 1124 prima
839 1074 1038 1113 occurrit
1069 1072 1240 1125 effigies
1269 1074 1465 1114 doctoris
1495 1075 1673 1114 calamo
1705 1075 1942 1115 delineata.

569 1163 697 1204 Petri
717 1164 962 1205 Lombardi
978 1165 1322 1206 Sententiarum
1337 1165 1441 1205 libri
1451 1165 1509 1205 111
1525 1170 1571 1206 et
1590 1166 1652 1206 IV
1667 1178 1774 1207 cum
1789 1168 2084 1218 expositione
2100 1168 2299 1209 Thomae

431 1221 678 1272 Aquinatis
711 1225 758 1261 et
789 1221 906 1262 Guil.
939 1223 1157 1263 Durandi.

568 1291 595 1331 f.
635 1289 813 1331 12—561’
845 1291 1164 1333 Sententiarum
1195 1293 1300 1332 liber
1330 1293 1392 1333 ΙΙΙ.

564 1362 591 1401 f.
624 1360 839 1401 56b—-80b
870 1361 1095 1413 Expositio
1128 1373 1227 1402 cum
1259 1362 1394 1402 hocce
1426 1362 1535 1402 fine:
1573 1363 1780 1414 »Explicit
1809 1363 1970 1404 lectura
1991 1365 2103 1405 beati
2123 1364 2298 1406 Thome

429 1420 484 1460 de
516 1419 700 1470 Aquino
744 1423 785 1458 et
826 1420 868 1458 in
910 1424 1028 1471 parte
1069 1419 1276 1460 Durandi
1306 1431 1438 1472 super
1467 1419 1530 1460 III.
1563 1421 1631 1460 lib.
1675 1419 2001 1461 Sentenciarum
2034 1434 2109 1474 per
2139 1434 2297 1464 manus

429 1478 570 1517 fratris
601 1476 830 1517 Johannis
863 1477 973 1517 dicti
1015 1477 1198 1518 Zadube
1237 1483 1346 1518 tune
1384 1477 1572 1518 lectoris
1613 1478 1918 1519 Weronensis
1964 1479 2198 1532 finitusque
2230 1485 2299 1521 est

430 1547 505 1586 per
536 1536 727 1575 eundem
755 1565 763 1574 .
791 1567 799 1574 .
827 1568 835 1575 .
861 1547 899 1574 a.
934 1536 973 1575 d.
1011 1535 1160 1576 1411.«

563 1605 591 1645 f.
624 1605 672 1644 81
711 1608 753 1644 et
783 1604 837 1644 82
870 1607 962 1653 (sol.
996 1611 1032 1643 et
1064 1607 1210 1653 scisso)
1242 1605 1376 1644 Index
1408 1608 1449 1644 et
1480 1609 1608 1645 notae
1640 1606 1696 1645 ad
1728 1609 1875 1646 mater.
1909 1607 2107 1657 praeced.

564 1674 591 1714 f.
625 1671 866 1714 832—1571‘
909 1673 1227 1713 Sententiarum
1269 1674 1373 1713 liber
1413 1673 1469 1712 IV
1510 1685 1609 1713 cum
1647 1675 1783 1714 hocce
1825 1675 1934 1714 fine:
1977 1675 2184 1727 »Explicit
2212 1675 2296 1716 4tus

430 1731 773 1828 {ggittiepciarum
816 1734 962 1782 incipit
1002 1732 1163 1771 lectura
1206 1743 1338 1782 super
1368 1735 1567 1783 quartum
1600 1733 1753 1772 librum
1786 1736 2105 1773 sentenciarum
2126 1733 2296 1774 Thome

567 1859 594 1898 f.
634 1858 859 1898 157—170
899 1859 1124 1910 Expositio
1165 1859 1255 1898 libri
1286 1858 1342 1898 IV
1373 1870 1513 1910 usque
1545 1859 1601 1898 ad
1633 1871 1727 1910 cap.
1760 1859 1865 1907 XIII,
1898 1860 2016 1911 quod
2063 1860 2220 1901 desinit
2249 1863 2292 1902 in

429 1917 589 1956 haecce
620 1917 775 1956 verba:
803 1917 946 1967 »quod
971 1916 1139 1956 bonitas
1165 1917 1234 1956 vel
1250 1917 1418 1956 malicia
1434 1919 1611 1956 ministri
1638 1918 1766 1957 nichil
1791 1917 1891 1957 facit
1915 1917 1971 1957 ad
1990 1921 2290 1959 consecracio-

429 1986 544 2021 nem,
578 1977 678 2025 quia
708 1975 792 2014 hoc
823 1986 912 2014 non
944 1977 1010 2013 in«
1047 1978 1216 2013 caetera
1248 1975 1408 2014 desunt
1438 1974 1549 2014 foliis
1582 1976 1726 2014 multis
1758 1978 1931 2015 excisis.

565 2057 627 2092 Ad
660 2067 785 2103 opere.
828 2067 955 2102 super.
999 2057 1212 2102 adligatum
1244 2060 1302 2092 est
1347 2056 1412 2093 fol.
1446 2057 1604 2094 membr.
1651 2057 1800 2093 codicis
1833 2057 2037 2093 cuiusdam
2069 2069 2173 2096 saec.
2204 2057 2295 2095 XIII

427 2115 537 2150 latini
569 2115 785 2160 argumenti
817 2114 1093 2161 philosophici.
1125 2114 1364 2150 Intrinsecus
1386 2118 1458 2151 utr.
1478 2125 1605 2160 opere.
1630 2119 1839 2151 occurrunt
1869 2119 1984 2151 notae
2015 2116 2159 2161 variae,
2191 2116 2291 2152 inter

427 2182 525 2218 quas
566 2173 757 2218 quaedam
799 2174 846 2208 ad
889 2172 1151 2208 calendarium
1191 2173 1437 2218 pertinentes.
1482 2172 1615 2208 Codex
1657 2178 1787 2208 noster
1831 2173 1922 2208 olim
1964 2178 2045 2209 erat
2075 2178 2292 2210 conventus

427 2229 628 2266 Plznensis
660 2231 743 2267 ord.
776 2230 989 2267 Praedicat.

569 2353 660 2406 123
1197 2353 1234 2402 J.
1277 2352 1321 2402 C.
1357 2353 1476 2402 31a.

426 2460 566 2498 chart.
600 2471 642 2498 a.
675 2458 789 2499 1406
803 2458 865 2512 ff
898 2458 999 2507 194,
1030 2458 1221 2499 29><22
1251 2470 1334 2498 cm.
1367 2458 1408 2498 d.
1442 2470 1500 2498 m.

565 2552 813 2592 Sermones
844 2551 974 2600 varii,
1006 2551 1248 2602 praecipue
1280 2551 1335 2590 de
1367 2551 1556 2591 sanctis.

560 2621 728 2660 Initium
761 2621 897 2660 deest.
931 2620 955 2660 f.
982 2621 995 2659 1
1034 2623 1200 2671 incipit:
1237 2621 1370 2659 sexilii
1403 2620 1458 2659 ad
1486 2620 1802 2660 habitacionem
1825 2622 1942 2671 regni
1964 2619 2136 2659 celestis
2158 2622 2286 2659 intro·

428 2679 567 2718 ducit«
608 2711 615 2718 .
651 2711 658 2718 .
694 2711 701 2718 .
735 2679 761 2718 f.
795 2676 953 2717 3b—6b
986 2678 1049 2717 De
1082 2681 1288 2729 passione
1320 2677 1477 2717 Christi
1509 2677 1681 2726 (Sermo
1713 2678 1780 2717 hic
1818 2688 1945 2728 porro
1975 2680 2179 2716 tractatur
2210 2677 2288 2716 sed

425 2748 513 2776 non
545 2737 782 2776 absolvitur
812 2736 839 2776 f.
878 2735 956 2775 193
989 2740 1030 2775 et
1066 2735 1157 2775 194.
1191 2735 1342 2774 Eidem
1375 2738 1535 2774 inserta
1566 2739 1633 2775 est
1663 2735 1915 2787 apocrypha
1944 2735 2122 2774 historia
2139 2734 2288 2782 Pilati).

425 2794 451 2833 f.
485 2794 582 2833 98²²:
635 2794 843 2845 »Explicit
888 2794 971 2833 hoc
1013 2805 1126 2844 opus
1167 2806 1205 2833 a.
1240 2793 1279 2832 d.
1317 2792 1467 2832 1406«.
1510 2791 1797 2832 Nihilominus
1830 2796 2071 2843 sequuntur
2100 2793 2167 2831 alii
2199 2803 2287 2831 ser·

425 2863 579 2891 mones
611 2863 752 2902 usque
785 2852 840 2891 ad
872 2851 898 2891 f.
938 2848 1052 2899 17912,
1085 2854 1193 2890 inter
1223 2862 1335 2901 quos
1368 2855 1470 2890 sunt
1501 2853 1629 2890 etiam
1663 2861 1889 2889 sermones
1921 2850 1974 2888 de
1993 2848 2071 2890 SS.
2095 2852 2287 2900 patronis

425 2909 672 2949 Bohemiae.

560 2979 586 3018 f.
626 2976 892 3018 1802—19112
924 2979 1134 3026 (anepigr.)
1167 2977 1210 3017 S.
1241 2977 1597 3017 Bonaventurae
1637 2976 1881 3027 Expositio
1912 2976 2084 3016 missae
2115 2978 2289 3025 (carens

424 3036 542 3084 fine).
580 3035 805 3076 »Christus
838 3038 1053 3075 assistens
1086 3034 1303 3086 pontifex«
1340 3039 1418 3074 etc.

561 3118 798 3155 Intrinsecus
841 3129 968 3165 opere.
1011 3129 1138 3165 super.
1181 3118 1276 3153 haec
1318 3123 1410 3154 nota
1443 3118 1608 3153 occurrit
1650 3117 1802 3153 calamo
1835 3127 1938 3154 saec.
1970 3116 2043 3152 XV
2074 3114 2288 3163 inscripta:

427 3176 563 3212 »Liber
605 3181 825 3212 conventus
870 3177 1229 3223 Glathowyensis«.
1271 3176 1418 3211 Deinde
1461 3180 1540 3211 erat
1582 3179 1799 3211 conventus
1831 3174 2029 3210 Plznensis
2062 3176 2148 3211 ord.
2179 3185 2289 3220 prae-

424 3236 654 3271 dicatorum.

1335 3380 1380 3410 44
