2476 3782
1171 279 1257 321 909

420 421 440 461 f
485 418 753 461 1332—2021’
784 419 969 460 Martini
999 418 1167 460 Poloni
1197 418 1504 469 sophismata.
1533 418 1640 458 »Iste
1662 417 1766 456 liber
1786 419 1855 455 est
1876 418 2149 467 compositus

276 491 332 521 ex
363 479 547 519 diversis
579 478 924 530 sophismatibus
950 509 959 518 .
986 508 994 516 .
1022 508 1031 517 .
1056 489 1082 515 a
1122 475 1316 527 quodam
1362 476 1476 515 bone
1525 476 1731 514 memorie
1763 472 1950 513 Martino
1983 473 2148 512 Polono

275 541 320 578 in
353 539 475 577 scola
520 548 554 576 s.
601 536 741 588 Egidii
788 547 857 575 me
904 538 1103 586 presente
1149 535 1205 574 ibi
1246 546 1283 573 a.
1322 534 1497 582 (14)44‹
1539 533 1589 582 ><
1627 531 1844 573 »Collecta
1891 531 2024 582 Prage
2076 542 2152 582 per

276 595 497 648 quendam
545 594 791 634 studentem
822 593 934 632 alme
977 594 1267 632 universitatis
1308 591 1429 642 Prag.
1457 623 1466 631 .
1494 625 1500 630 .
1528 622 1538 631 .
1562 590 1684 630 finita
1727 592 1812 629 ista
1856 589 2035 629 collecta
2075 600 2151 640 per

277 665 363 694 rev.
395 651 670 692 Martinum.‹

421 710 447 751 f.
481 706 756 750 2032—213b
785 707 988 748 Thomae
1035 708 1090 747 de
1136 706 1322 758 Aquino
1363 706 1677 759 Quaestiones
1708 705 1763 745 de
1795 703 2036 756 principiis
2069 714 2147 743 na-

274 773 422 818 turae,
475 769 530 808 de
578 778 723 808 sensu
764 765 1012 811 communi,
1061 765 1116 805 de
1157 763 1185 804 2
1226 764 1447 815 potentiis
1492 763 1688 812 animae,
1729 763 1784 803 de
1814 765 1947 803 motu
1979 761 2148 802 cordis.

279 826 508 879 »Queritur
553 826 606 865 de
648 835 785 864 sensu
826 826 1073 863 communi«
1112 824 1162 874 ><
1199 823 1347 874 »ExpL
1391 822 1496 862 liber
1527 822 1579 861 de
1613 823 1832 873 principiis
1864 824 2015 860 nature
2047 830 2148 859 cum

275 886 369 925 aliis
395 916 404 925 .
433 918 439 924 .
468 917 476 924 .
502 884 731 935 compilate
763 893 839 933 per
869 882 910 921 b.
941 880 1159 921 Thomam
1192 881 1246 920 de
1278 881 1491 932 Aquino«

413 998 522 1052 9⁰7
941 995 992 1044 V.
1032 996 1087 1044 E.
1122 995 1202 1044 13.
1228 1005 1287 1047 (Υ.
1312 1004 1360 1039 ΙΙ.
1384 1007 1417 1039 5.
1443 1016 1477 1038 n.
1503 1006 1576 1047 31.)

275 1092 420 1133 chart.
452 1104 497 1132 a.
527 1090 719 1144 1455ff.
750 1089 848 1138 240,
881 1089 1071 1130 22><16
1101 1100 1185 1129 cm.
1215 1088 1240 1129 1
1275 1100 1335 1128 m.

275 1171 392 1224 Mag.
425 1171 647 1213 Stanislai
678 1171 733 1211 de
765 1169 954 1210 Gnezna
984 1169 1183 1209 Lectura
1222 1179 1363 1220 super
1392 1167 1662 1208 Aristotelis
1693 1167 1971 1218 Topicorum
2001 1167 2145 1207 libris.

419 1229 446 1270 f.
487 1232 528 1270 1⁸
562 1229 766 1280 »Algazel
797 1229 899 1268 dicit
928 1230 972 1267 in
1003 1228 1142 1278 logica
1173 1238 1279 1267 sua«
1318 1228 1368 1277 ><
1402 1226 1428 1266 f.
1463 1225 1568 1266 240εἰ
1606 1225 1684 1265 »Et
1714 1228 1756 1264 in
1788 1226 1872 1264 hoc
1895 1228 2147 1265 terminatur

276 1299 450 1328 summa
494 1290 635 1327 tocius
682 1287 773 1326 libri
822 1286 1095 1338 thopicorum
1137 1296 1214 1337 per
1252 1296 1413 1324 manus
1456 1284 1572 1336 Mag.
1615 1283 1837 1324 Stanislai
1868 1284 1924 1323 de
1957 1282 2146 1323 Gnezna

274 1357 314 1386 a.
350 1343 459 1386 1455
490 1345 564 1386 fer.
607 1344 657 1384 III
688 1347 786 1396 ipso
819 1345 888 1384 die
920 1344 959 1383 b.
990 1342 1192 1384 Tiburcii.
1235 1342 1363 1382 Hunc
1405 1345 1542 1382 eciam
1574 1342 1727 1381 librum
1759 1342 1931 1381 lectorie
1963 1349 2145 1393 protunc

258 1406 517 1444 terminavit
546 1406 589 1443 in
620 1405 898 1443 universitate
931 1401 1136 1452 Pragensi
1177 1404 1219 1441 in
1251 1403 1425 1440 lectorio
1458 1400 1761 1451 theologorum
1794 1402 1836 1438 et
1867 1399 1951 1439 hoc
1983 1399 2057 1439 fer.
2090 1398 2146 1439 IV

276 1465 378 1513 post
405 1459 595 1501 Tiburcii
622 1493 630 1501 .
659 1493 666 1501 .
696 1491 703 1499 .
742 1459 836 1500 Hec
873 1471 1048 1499 summa
1089 1461 1178 1510 pari
1211 1462 1329 1510 parte
1362 1462 1429 1498 est
1460 1458 1601 1498 fratris
1632 1458 1773 1509 angeli
1805 1457 1895 1497 ord.
1930 1468 1966 1496 s.
1999 1458 2136 1509 Aug«

418 1521 621 1569 Operculis
664 1521 837 1567 adligata
876 1525 968 1556 sunt
1008 1519 1222 1565 fragmenta
1253 1520 1464 1558 membran.
1498 1518 1648 1555 codicis
1678 1517 1888 1564 theologici
1921 1528 2025 1554 saec.
2058 1515 2141 1555 XII.

274 1590 312 1618 u.
347 1581 395 1616 ad
426 1578 529 1618 XIII.
561 1579 685 1616 Vetus
720 1580 820 1625 sign.
853 1578 899 1621 K,
932 1579 969 1615 7.

411 1691 523 1745 908
938 1691 990 1740 V.
1029 1692 1085 1741 E.
1117 1690 1197 1739 14.
1236 1701 1296 1744 (Y.
1324 1701 1369 1734 II.
1392 1702 1426 1733 5.
1453 1700 1578 1741 n.32.)

272 1784 417 1826 chart.
447 1797 565 1826 saec.
598 1784 760 1825 XIV—
776 1784 869 1825 XV
888 1784 941 1838 ff.
974 1785 1059 1825 220
1087 1797 1226 1833 num„
1257 1784 1451 1824 22><16
1481 1795 1563 1824 cm.
1596 1783 1637 1823 d.
1669 1794 1728 1823 m.

416 1866 444 1908 f.
481 1865 692 1906 1¹2—-l76b
737 1866 967 1907 Johannis
1012 1866 1178 1907 Wiclif
1216 1865 1458 1906 Tractatus
1488 1869 1588 1905 tres
1619 1864 1866 1916 logicales:
1910 1865 2141 1913 Summae,

271 1924 625 1976 Suppositiones
666 1928 713 1965 et
757 1924 1131 1976 Consequentiae
1172 1923 1403 1975 (›Logicae
1450 1926 1741 1963 continuatio«
1791 1922 1908 1974 apud
1941 1921 2140 1974 Shirley).

276 1983 510 2024 »Iuvenum
542 1983 778 2035 rogatibus,
826 1983 985 2035 quibus
1016 1982 1189 2030 afficior,
1239 1985 1494 2033 superatus«
1535 1980 1580 2032 ><
1621 1984 1842 2032 »quiecius
1874 1980 2140 2032 inponendo.

271 2040 326 2081 Et
356 2043 419 2081 sic
451 2044 519 2081 est
550 2041 649 2081 finis
681 2044 797 2081 tercii
828 2044 1035 2081 tractatus
1067 2040 1177 2092 Mgri
1207 2039 1419 2080 Johannis
1451 2038 1634 2079 Wikleff
1659 2039 1850 2079 doctoris
1872 2039 2139 2091 ewangelici.

273 2101 398 2138 cuius
429 2101 574 2139 anima
604 2099 763 2139 habeat
794 2102 938 2138 eterne
968 2102 1149 2139 visionis
1179 2098 1502 2141 iocunditatem,
1535 2097 1715 2137 fideliter
1745 2099 2005 2136 correctus«
2041 2096 2138 2144 (Ed.

274 2155 511 2197 Dziewicki
543 2157 627 2197 sub
660 2160 717 2197 tit.
758 2156 1012 2197 »Tractatus
1046 2157 1099 2196 de
1134 2159 1294 2208 logica«
1330 2156 1513 2195 London
1544 2167 1582 2195 a.
1621 2154 1762 2202 1893.)

418 2214 446 2255 f.
484 2212 752 2255 1772-2021’
784 2214 1096 2267 Quaestiones
1116 2214 1216 2254 XIII
1238 2214 1526 2265 theologicae
1546 2218 1594 2254 et
1613 2212 1978 2264 philosophicae.
2000 2213 2141 2252 Prima

274 2271 499 2324 Stephani
527 2272 710 2314 Palecz:
749 2272 928 2313 »Utrum
962 2273 1085 2322 deus,
1118 2276 1190 2325 qui
1222 2275 1383 2312 creavit
1413 2271 1627 2311 mundum
1650 2271 1914 2315 sensibilem,
1938 2274 1980 2310 in
2002 2274 2139 2322 primo

274 2332 449 2370 instanti
472 2334 698 2383 ,temporis
744 2334 882 2383 potuit
922 2334 1067 2383 ipsum
1114 2334 1232 2382 prius
1265 2330 1504 2382 producere
1547 2333 1589 2369 et
1634 2332 1958 2369 communicare
1991 2341 2138 2368 crean-

271 2390 383 2428 ciam
414 2389 538 2428 alicui
569 2400 675 2440 pure
707 2393 939 2429 creature«
975 2389 1120 2428 Altera
1149 2388 1259 2440 Mgri
1288 2388 1413 2429 Petri
1443 2388 1498 2428 de
1529 2387 1706 2428 Policz:
1757 2386 1936 2427 »Utrum
1984 2399 2138 2439 propo-

274 2447 463 2486 siciones
494 2447 740 2498 ypothetice
773 2459 799 2486 a
828 2447 1080 2487 veritatibus
1112 2447 1368 2498 exemplam,
1402 2446 1554 2497 quales
1587 2449 1629 2485 et
1659 2449 1820 2498 quante
1854 2445 1937 2484 sub
1970 2449 2137 2496 septem

273 2504 505 2555 speciebus
536 2505 999 2556 comprehendantur«,
1042 2508 1221 2545 ceterae
1251 2504 1357 2547 Joh.
1389 2503 1551 2545 Wiclif
1576 2503 1642 2556 (ut
1672 2506 1794 2555 putat
1825 2502 1870 2543 R.
1904 2502 2024 2551 Beer,
2068 2507 2139 2556 qui

273 2572 351 2600 eas
382 2561 493 2601 edid.
531 2560 713 2602 London
751 2563 889 2611 1891).

416 2618 443 2658 f.
477 2618 750 2660 2033---2201ι
780 2623 991 2670 (anepigr.)
1030 2619 1270 2661 Tractatus
1311 2621 1367 2660 de
1398 2619 1559 2671 parvis
1590 2618 1874 2670 logicalibus.
1927 2618 1996 2659 »In
2045 2631 2141 2670 per-

274 2677 500 2716 tractando
531 2680 754 2718 materiam
787 2690 1019 2730 parvorum
1051 2680 1323 2730 logicalium«
1363 2683 1410 2728 ><
1450 2677 1674 2729 »producit
1705 2680 1746 2716 et
1776 2677 1904 2716 aliam
1927 2681 2131 2728 partem«

391 2735 584 2783 Operculo
615 2748 741 2785 super.
776 2740 1021 2785 adglutinata
1051 2744 1111 2775 est
1141 2739 1343 2783 schedula,
1385 2739 1425 2774 in
1467 2749 1545 2784 qua
1586 2737 1712 2773 codici
1755 2747 1872 2773 manu
1915 2747 2017 2775 saec.
2067 2737 2141 2773 XV

274 2794 525 2831 inscribitur:
562 2795 771 2843 »Wikleph
803 2798 850 2832 de
882 2797 1095 2844 probandis
1126 2796 1468 2844 proposicionibus
1500 2799 1536 2832 et
1568 2796 1614 2831 de
1645 2799 1806 2841 yppotet
1824 2798 1880 2830 cis
1927 2799 1962 2831 et
1994 2796 2140 2841 questi-

275 2862 371 2888 ones
402 2848 774 2899 proposicionum«.
797 2853 943 2892 Ibidem
976 2859 1089 2892 vetus
1111 2856 1213 2901 sign.
1245 2854 1288 2901 T,
1323 2855 1388 2892 30.

411 2963 522 3018 9⁰9
938 2967 991 3016 V.
1035 2968 1087 3017 E.
1124 2967 1204 3016 15.
1231 2977 1291 3020 (Y.
1316 2977 1362 3010 Η.
1388 2977 1418 3010 4.
1445 2987 1479 3010 n.
1503 2976 1576 3019 51.)

275 3057 418 3097 chart.
452 3068 567 3097 saec.
601 3057 691 3098 XV
706 3057 770 3110 ff.
802 3059 891 3100 255
917 3071 1055 3109 uum„
1087 3060 1191 3100 2125
1206 3060 1256 3110 ><
1275 3059 1378 3099 155
1405 3070 1489 3099 cm.
1521 3058 1544 3097 1
1580 3070 1640 3097 m.

492 3137 615 3178 Petri
647 3139 703 3179 de
734 3138 1018 3181 Crescentiis
1049 3139 1290 3180 Ruralium
1321 3140 1673 3180 commodorum
1705 3139 1807 3179 libri
1838 3139 1931 3180 XII.

420 3195 446 3235 s.
485 3196 529 3236 1⁸
559 3198 681 3245 (rubr.
697 3199 726 3246 ς)
751 3196 971 3249 »Epistola
1001 3201 1138 3238 missa
1169 3198 1225 3238 ad
1257 3209 1371 3249 mag.
1404 3198 1494 3249 ord.
1530 3198 1687 3250 predic.
1717 3230 1725 3236 .
1753 3229 1760 3236 .
1794 3196 1949 3239 Vener.
1973 3201 2014 3238 in
2039 3197 2137 3239 Chr.

276 3256 382 3304 patri
408 3286 418 3294 .
446 3287 452 3293 .
479 3284 489 3294 .
514 3253 560 3293 sr.
595 3254 826 3306 Aymerico
858 3255 910 3295 de
943 3255 1190 3295 placencia«
1226 3254 1495 3307 (Sequuntur
1526 3256 1720 3300 indices).

1171 3404 1237 3437 373
