2476 3782
1337 281 1417 322 170

586 414 676 467 170
1250 418 1289 466 I.
1328 419 1391 468 I).
1427 419 1509 468 30.

441 509 584 549 chart.
616 519 728 548 sace.
761 507 930 564 XVff.
961 509 1047 550 354
1077 522 1215 557 num..
1246 512 1363 552 30><
1393 513 1449 552 22
1481 524 1562 553 cm.
1597 513 1637 553 d.
1670 525 1729 556 m.

580 589 605 629 s.
645 586 833 629 1—352b
864 589 1013 631 Biblia
1043 602 1178 632 sacra
1207 593 1383 632 veteris
1416 596 1462 633 et
1492 593 1603 634 novi
1647 595 1916 636 testamenti
1962 598 2078 636 initio
2110 597 2302 638 mutilata

441 653 485 692 (a
531 659 625 698 cap.
660 646 709 686 III
743 647 1071 688 Proverbiorum
1103 660 1244 700 usque
1277 651 1331 689 ad
1363 650 1622 692 Malachiam
1671 654 1821 704 proph.
1855 656 2033 693 omissis
2064 654 2180 694 libris
2210 653 2300 695 Ma-

441 705 733 744 chabaeorum
767 708 808 744 et
839 705 894 745 ab
926 718 1079 757 evang.
1112 706 1317 747 Mathaeo
1350 719 1494 760 usque
1541 710 1596 749 ad
1628 710 1822 751 ultimam
1856 723 1890 750 s.
1924 711 2041 751 Pauli
2072 713 2299 763 epistolam

440 763 494 801 ad
527 762 752 801 Hebraeos
785 765 963 803 omissis
1000 764 1089 803 libr.
1123 767 1308 814 ceteris).

578 819 604 859 f.
639 818 913 860 2762—283b
946 824 1127 871 (inserta
1159 826 1262 862 sunt
1292 824 1562 876 apocrypha)
1608 824 1768 865 »Gesta
1800 826 2026 866 salvatoris
2058 829 2192 867 nostri
2225 827 2299 867 do-

440 879 542 917 mini
574 877 679 916 Jesu
712 876 882 926 Christi,
931 890 1014 930 que
1047 882 1210 919 invenit
1240 879 1617 922 Theodosius...
1651 886 1692 923 in
1738 883 1977 923 Jerusalem
2024 887 2067 925 in
2113 887 2298 936 pretorio

440 935 584 975 Poncii
617 935 759 974 Pilati«
811 938 883 984 (z
930 935 1233 988 Evangelium
1278 937 1520 979 Nicodemi
1551 951 1656 981 cum
1688 941 1884 992 epistola
1913 941 2047 982 Pilati
2077 943 2135 983 ad
2164 941 2301 983 Clau-

440 992 566 1032 dium
598 992 863 1045 Tiberium).

577 1050 604 1089 f.
637 1049 1067 1092 352b—35428erm0
1101 1052 1153 1091 de
1185 1053 1378 1093 adventu
1409 1053 1579 1096 Christi.
1621 1055 1667 1095 In
1700 1056 1785 1096 fine
1818 1061 1920 1097 nota
1966 1057 2181 1109 quaedam
2228 1069 2299 1098 co-

440 1108 579 1147 dicem
612 1119 882 1148 concernens
914 1121 1040 1149 erasa
1071 1114 1149 1149 est.

584 1167 786 1214 Operculis
833 1169 1006 1215 adligata
1052 1175 1144 1205 sunt
1190 1171 1282 1206 bina
1328 1171 1394 1207 fol.
1443 1174 1603 1210 membr.
1652 1174 1859 1210 cuiusdam
1890 1175 2064 1211 Psalterii
2094 1175 2162 1213 lat.
2196 1185 2300 1213 saec.

439 1224 671 1263 XII—XIII.
705 1226 840 1262 Codex
873 1228 965 1263 bibl.
998 1227 1320 1274 Rosenbergicae‚
1353 1230 1492 1266 deinde
1524 1236 1691 1268 monast.
1725 1231 1985 1268 Trebonensis
2016 1233 2098 1270 fuit.

582 1337 653 1389 171
1232 1339 1272 1389 Ι.
1312 1341 1374 1390 D.
1409 1341 1490 1391 31.

438 1430 579 1469 chart.
611 1442 726 1471 saec.
758 1430 852 1471 XV
875 1431 1013 1485 in.ff
1044 1432 1141 1481 183,
1173 1433 1359 1474 29><21
1393 1446 1475 1474 cm.
1508 1435 1548 1475 d.
1582 1447 1639 1475 m.

577 1510 808 1551 Johannis
841 1511 895 1551 de
927 1511 971 1552 S.
1005 1511 1280 1553 Geminiano
1299 1513 1570 1566 (dictiGori)
1594 1516 1844 1556 Sermones
1867 1518 2302 1569 quadragesimales.

579 1568 605 1607 f.
645 1569 684 1607 1³
717 1567 852 1608 »Cum
888 1572 1099 1613 ieiunatis.
1133 1572 1261 1611 nolite
1293 1571 1383 1611 fieri
1416 1575 1527 1612 sicut
1556 1577 1774 1624 ypocrite«
1811 1577 1853 1612 ><
1885 1575 1912 1615 f.
1950 1572 2049 1615 183¹>
2084 1575 2302 1628 »Quadra-

433 1627 639 1676 gesimale
671 1629 904 1677 geminiani
938 1628 1102 1667 bonum
1135 1632 1176 1668 et
1208 1630 1453 1680 populare«
1490 1631 1664 1683 (rubr.:)
1702 1632 1910 1683 »Explicit
1931 1633 2304 1685 quadragesimale

434 1682 703 1723 Genimiani«
740 1684 854 1734 (sic).

578 1743 619 1779 In
655 1744 777 1779 fronte
811 1745 836 1780 f.
873 1746 890 1780 1
928 1749 964 1780 et
994 1745 1120 1781 ultimi
1155 1748 1287 1782 eadem
1331 1752 1425 1783 nota
1471 1749 1665 1785 occurrit:
1713 1760 1805 1795 »pro
1838 1751 1912 1786 isto
1943 1751 2042 1787 libro
2074 1751 2163 1787 dedi
2193 1753 2305 1798 quin-

434 1802 621 1847 quaginta
651 1812 853 1847 grossos.«
889 1802 931 1838 In
964 1803 1029 1840 fol.
1064 1805 1250 1850 operculo
1283 1815 1409 1851 super.
1443 1807 1615 1852 adligato
1647 1812 1826 1843 notatur:
1863 1809 1935 1844 »A.
1969 1810 2005 1846 d.
2044 1809 2150 1845 1419
2181 1809 2222 1846 in
2245 1810 2305 1846 die

435 1859 473 1894 S.
507 1858 644 1894 Crucis
675 1860 933 1896 exaltacionis
976 1861 1072 1896 obiit
1104 1863 1347 1898 honorabilis
1378 1865 1578 1910 presbyter
1599 1865 1703 1901 dom.
1738 1863 1968 1912 Gregorius
2000 1864 2177 1913 Sekyra‚
2208 1865 2307 1903 illu-

435 1916 620 1952 minator
649 1926 842 1964 magnus,
887 1920 951 1964 qui
983 1919 1127 1964 legavit
1158 1920 1262 1956 hunc
1292 1920 1433 1956 librum
1465 1932 1533 1968 pro
1566 1927 1734 1959 monast.
1769 1923 1807 1960 S.
1841 1923 1974 1960 Karoli
2006 1934 2076 1970 pro
2107 1924 2303 1970 fratribus,

434 1985 533 2020 quos
567 1975 734 2010 multum
767 1976 912 2013 dilexit.
947 1975 1062 2012 Orate
1093 1987 1184 2023 ergo
1217 1988 1284 2024 pro
1317 1979 1447 2014 anima
1477 1981 1613 2025 ipsius,
1648 1981 1781 2016 fratres
1812 1982 2052 2027 predilecti.«
2092 1981 2175 2018 »Ex
2196 1982 2306 2018 libris

435 2033 625 2068 canoniae
659 2032 965 2070 Carloviensis.«

577 2144 664 2196 172
1240 2147 1277 2196 I.
1314 2148 1377 2196 D.
1415 2149 1497 2197 32.

435 2238 578 2278 chart.
611 2249 723 2278 saec.
756 2236 873 2277 XIV
899 2250 959 2277 ex.
994 2241 1033 2278 et
1062 2239 1152 2278 XV
1180 2240 1237 2280 in.
1264 2239 1316 2292 ff.
1351 2240 1448 2288 187,
1479 2241 1663 2280 29><21
1700 2254 1781 2280 cm.
1817 2242 1858 2281 d.
1893 2255 1950 2282 m.

579 2319 605 2358 f.
643 2318 815 2358 12—182’
831 2319 1118 2360 Moralitates
1136 2321 1341 2362 biblicae.
1369 2321 1590 2373 »Regnum
1607 2324 1797 2362 celorum
1819 2326 2050 2374 acquiritur
2071 2335 2146 2375 per
2166 2335 2303 2365 arma.

437 2377 606 2428 Legitur
637 2376 844 2423 Indicum,
879 2378 1021 2428 quod«
1058 2380 1101 2415 ><
1137 2378 1411 2430 »Expliciunt
1440 2379 1646 2420 Historie
1679 2381 1854 2421 biblie«.

578 2434 605 2474 f.
644 2431 850 2474 18bffl29¹=
887 2435 1122 2486 »Incipiunt
1152 2436 1487 2477 Similitudines
1513 2449 1624 2485 ,cum
1655 2437 1992 2478 Moralitatibus
2012 2449 2094 2489 per
2116 2439 2306 2480 modum

439 2493 709 2543 alphabeti.«
745 2493 788 2529 ><
823 2491 1094 2544 »Expli'ciunt
1126 2492 1435 2534 Similitudines
1467 2496 1643 2535 collecte
1676 2496 1729 2535 de
1762 2497 1944 2535 diversis
1977 2496 2133 2536 libris«

580 2550 607 2589 f.
641 2549 848 2589 292—542
882 2550 1119 2602 »Incipiunt
1150 2552 1491 2592 Auctoritates«
1542 2554 1583 2590 ><
1621 2553 1890 2605 »Expliciunt
1930 2553 2219 2594 Auctoritates
2251 2553 2303 2593 fr.

436 2607 610 2647 Thome
651 2607 760 2647 dicti
792 2607 1055 2648 Clemencia
1090 2642 1096 2649 .
1132 2642 1140 2648 .
1176 2643 1182 2649 .
1229 2621 1304 2660 per
1345 2621 1501 2649 manus
1544 2610 1591 2650 fr.
1624 2611 1930 2662 Wenczeslay
1958 2611 2153 2662 lapicide
2184 2612 2300 2652 finite

438 2666 512 2704 ser.
546 2665 576 2704 Il
610 2668 651 2704 in
685 2666 752 2704 die
785 2665 1029 2705 Collencii.<‹

583 2723 609 2762 f.
643 2720 852 2762 &lb—59¹²
889 2723 1064 2775 »Incipit
1105 2727 1312 2763 tractatus
1345 2725 1398 2764 de
1430 2726 1562 2765 modo
1594 2725 1785 2776 fugiendi
1827 2729 2080 2776 peccatum«
2117 2728 2160 2765 ><
2197 2726 2306 2766 »Ex-

439 2781 552 2830 plicit
585 2780 925 2831 Compendium
956 2782 1184 2821 viciorum
1217 2785 1366 2821 nescio
1399 2783 1599 2833 quando«
1638 2784 1749 2836 (sic).

584 2838 610 2877 f.
646 2837 702 2877 60
733 2837 871 2878 Notae
903 2842 1046 2878 variae
1080 2840 1208 2879 theol.
1242 2843 1495 2891 argumenti.

583 2895 610 2934 f.
644 2893 851 2935 (Μ’-901)
885 2896 1132 2941 (Johannis
1162 2897 1602 2947 Hildesheimensis)
1644 2896 1787 2937 Gesta
1825 2897 1966 2937 trium
2012 2909 2184 2949 regum.
2236 2898 2305 2938 »In

439 2955 575 3003 primo
620 2954 806 3003 capitulo
854 2954 984 2993 huius
1027 2955 1129 3000 libri,
1178 2958 1249 3005 qui
1283 2959 1349 2994 est
1380 2956 1586 2995 collectus
1619 2955 1675 2994 do
1706 2958 1841 3005 gestis
1874 2959 1915 2994 et
1945 2956 2306 2996 translacionibus

439 3013 562 3048 trium
598 3022 827 3061 magorum
856 3042 863 3049 .
893 3044 900 3051 .
929 3043 937 3051 .
963 3016 1182 3051 narratur«
1219 3014 1262 3049 ><
1295 3012 1515 3059 (absoluto
1559 3024 1653 3063 cap.
1694 3012 1769 3064 46)
1806 3012 1952 3052 »finito
1987 3014 2092 3053 libro
2124 3016 2180 3053 sit
2209 3015 2305 3052 laus

439 3072 480 3106 et
511 3068 645 3118 gloria
677 3067 890 3108 Christo«

586 3125 612 3164 f.
647 3122 884 3165 910—14412
915 3126 1148 3178 Peregrini
1170 3126 1431 3167 Sermones.
1454 3127 1592 3167 »Ecce
1626 3139 1701 3166 rex
1733 3131 1832 3166 tuus
1864 3131 1980 3167 venit
2012 3128 2108 3167 tibi«
2130 3128 2172 3166 ><
2197 3127 2306 3167 »Ex-

444 3182 558 3232 plicit
601 3183 854 3233 Peregrinus
899 3186 952 3224 de
993 3188 1204 3235 tempore
1245 3196 1283 3224 a.
1327 3185 1367 3223 d.
1414 3183 1524 3224 1394
1564 3184 1637 3224 fer.
1671 3184 1720 3223 III
1753 3188 1853 3236 post
1884 3185 2042 3224 festum
2075 3197 2109 3225 s.
2141 3185 2306 3225 Juliane

444 3252 484 3279 V.
519 3252 558 3290 g.
592 3244 697 3279 etc.«

1356 3390 1402 3421 64
