2476 3782
1162 274 1247 313 648

409 410 521 463 645
846 410 937 460 IV.
979 410 1025 459 C.
1063 409 1145 459 18.
1186 420 1244 461 (Υ.
1269 419 1335 453 JJJ.
1359 420 1392 452 2.
1418 430 1452 453 n.
1478 398 1555 461 617).

268 491 412 532 chart.
445 504 487 532 a.
522 491 636 532 1404
650 491 714 546 ff
745 491 843 540 137,
873 491 979 532 2825
993 491 1114 542 ><22
1145 502 1229 531 cm.
1260 491 1284 531 1
1319 502 1378 530 m.

363 573 542 615 Johlini
573 574 629 614 de
659 569 875 615 Wodi'ian
905 571 1127 613 Postillae
1157 571 1481 612 Zderaziensis
1512 582 1622 622 pars
1653 571 1711 611 111
1743 571 2044 624 (aestivalis).

414 642 442 682 f.
480 643 525 683 1⁸
555 645 697 693 (rubr.)
753 642 927 694 »Incipit
970 644 1101 682 tercia
1148 652 1249 693 pars
1297 641 1465 693 postille
1498 640 1801 680 Zderasiensis
1834 642 2015 682 collecta
2061 643 2144 682 sub

268 713 306 740 a.
340 701 380 741 d.
419 700 529 741 1044
559 703 641 750 (sic
674 711 751 752 pro
788 699 915 748 1404)
945 699 1020 739 ser.
1051 698 1108 738 VI
1141 703 1242 751 post
1272 699 1433 739 festum
1456 697 1645 739 Urbani«
1679 731 1686 739 .
1714 731 1721 738 .
1750 730 1758 739 .
1786 700 1828 735 ><
1850 699 1876 739 s.
1906 697 2008 739 137b
2033 699 2144 740 ›Ex-

270 759 386 810 plicit
416 762 548 799 tercia
578 770 680 810 pars
712 762 754 798 et
784 759 933 798 ultima
965 757 1134 809 postille
1166 756 1471 796 Zderasiensis
1504 768 1606 808 pars
1648 756 1849 797 videlicet
1879 758 2071 797 estivalis
2103 770 2142 798 a.

269 816 309 856 d.
345 815 458 857 1404
486 815 609 857 finita
638 819 680 856 in
713 817 856 867 vigilia
886 826 921 855 s.
965 815 1204 866 Hedwigis.
1266 814 1363 855 Hoc
1409 825 1522 866 opus
1570 817 1708 865 exegi,
1757 814 1870 856 festa
1912 818 2143 867 sepissime

269 874 415 926 fregi«

409 944 493 983 Fol.
539 945 694 981 duobus
741 945 934 991 operculis
982 943 1163 990 adligatis
1210 944 1421 990 inscriptus
1468 947 1527 979 est
1574 942 1709 979 Sermo
1741 954 1859 990 super
1892 944 2018 981 »Cum
2050 955 2142 991 ergo

273 1004 518 1040 sublevasset
549 1002 688 1038 oculos
718 1002 877 1039 Jesus«.
925 1001 1119 1049 operculo
1152 1012 1281 1044 super.
1314 1002 1432 1039 huius
1464 1002 1627 1047 codicis,
1660 1006 1703 1037 ut
1734 1004 1899 1048 vestigia
1929 1005 2143 1049 scripturae

269 1061 398 1098 adhuc
428 1062 697 1097 demonstrant
727 1063 764 1096 et
793 1065 906 1096 vetus
938 1060 1141 1106 catalogus
1173 1064 1350 1105 testatur,
1382 1060 1475 1096 olim
1507 1059 1752 1105 adglutinata
1788 1065 1897 1096 erant
1928 1060 2142 1106 fragmenta

268 1129 440 1166 german.
473 1119 665 1165 poematis
696 1119 813 1154 medii
845 1119 930 1154 aevi
966 1118 1297 1165 »Rosengarten«,
1329 1119 1377 1154 cle
1409 1117 1552 1164 quibus
1585 1117 1632 1154 cf.
1665 1116 1842 1157 Mourek,
1904 1118 2071 1165 Sitzgsb.
2106 1120 2142 1155 d.

270 1178 310 1214 k.
340 1177 474 1214 bohm.
507 1175 598 1212 GeS.
632 1178 669 1212 d.
702 1175 768 1213 W.
807 1176 913 1212 1889
946 1188 984 1223 p.
1022 1177 1114 1212 118.
1146 1176 1270 1212 Vetus
1302 1177 1403 1222 sign.
1437 1175 1483 1220 O,
1517 1175 1586 1212 70.

419 1286 530 1342 646
878 1287 973 1338 IV.
1012 1288 1062 1338 C.
1101 1290 1180 1337 19.
1219 1299 1279 1341 (Y.
1305 1299 1330 1332 I
1359 1300 1394 1332 4.
1422 1309 1458 1332 n.
1484 1297 1555 1341 68.)

268 1370 413 1411 chart.
441 1382 558 1411 saec.
589 1369 704 1410 XIV
731 1371 880 1423 (1379,
911 1371 1044 1416 1380)
1060 1371 1125 1424 ff
1156 1371 1242 1412 169
1274 1383 1412 1419 mun„
1433 1371 1621 1412 29><21
1655 1382 1739 1411 cm.
1771 1370 1812 1410 d.
1846 1382 1905 1411 m.

412 1450 441 1491 f.
472 1451 599 1492 I—III
630 1464 710 1490 non
742 1465 847 1491 num.
891 1451 1233 1492 Mammotrecti
1279 1451 1580 1492 abbreviatio.
1649 1451 1857 1503 »Explicit
1901 1453 2144 1493 abreviacio

266 1507 585 1549 Mammotrecti
617 1521 749 1561 super
779 1521 935 1549 omnes
968 1511 1099 1550 libros
1131 1511 1259 1550 biblie
1290 1521 1408 1550 anno
1455 1509 1607 1562 [13]79
1658 1510 1790 1550 finitis
1837 1513 1938 1562 μείς)
1985 1514 2028 1551 in
2076 1511 2144 1551 die

269 1566 529 1619 Apollinaris
561 1572 683 1610 mart.
716 1571 758 1607 et
788 1571 932 1619 pont«

412 1635 440 1676 f.
478 1634 661 1676 12—69b
707 1636 939 1688 (Hugonis
983 1637 1418 1689 Argentoratensis)
1471 1637 1810 1689 Compendium
1854 1638 2144 1689 theologicae

268 1693 498 1736 veritatis.
535 1694 762 1735 »Veritatis
793 1695 1034 1746 theologice
1067 1695 1335 1736 sublimitas«
1371 1696 1415 1734 ><
1452 1697 1722 1736 »secundum
1769 1699 1921 1736 merita
1970 1699 2145 1748 recipiet

268 1754 363 1793 sine
392 1751 492 1793 fine.
524 1752 711 1805 Explicit
739 1756 899 1793 veritas
931 1754 1145 1804 theologie
1177 1766 1215 1793 a.
1250 1754 1290 1793 d.
1325 1752 1517 1806 [13]80«.
1551 1753 1756 1806 Sequitur
1777 1757 2005 1806 registrum
2038 1766 2145 1806 ope—

269 1813 328 1851 ris
358 1813 401 1851 in
432 1810 459 1850 2
490 1809 531 1851 ff.
565 1822 654 1851 non
686 1822 806 1851 num.
1154 1847 1156 1849 .

408 1868 436 1909 f.
471 1867 714 1909 70³—169b
775 1869 1026 1910 Sermones
1070 1869 1205 1909 varii.
1252 1869 1490 1921 (Indigesta
1532 1874 1574 1910 et
1616 1881 1842 1921 perperam
1876 1871 2005 1922 ligata
2035 1871 2144 1910 haec

271 1926 466 1967 collectio
489 1931 606 1968 caret
635 1927 736 1976 fine,
769 1927 849 1967 sed
880 1930 1092 1967 instructa
1124 1931 1192 1967 est
1222 1930 1404 1979 registro
1427 1930 1469 1968 in
1497 1930 1702 1980 operculo
1730 1928 1848 1968 infer.
1879 1929 2146 1980 compilato.)

408 2040 518 2095 647
889 2042 980 2091 IV.
1023 2041 1069 2092 C.
1107 2042 1189 2092 20.
1229 2053 1288 2092 (Y.
1314 2053 1342 2087 1.
1366 2055 1400 2088 3.
1426 2064 1462 2087 n.
1487 2053 1559 2096 69.)

274 2122 419 2164 chart.
451 2135 495 2164 a.
526 2123 641 2165 1357
655 2123 720 2178 ff
750 2124 850 2172 355,
882 2124 939 2165 29
964 2129 1000 2159 ><
1019 2124 1078 2164 22
1109 2136 1193 2165 cm.
1225 2125 1267 2165 d.
1300 2137 1375 2177 πμ,

546 2205 777 2246 ,Iohannis
809 2205 864 2246 de
895 2205 1112 2247 Hisdinio
1142 2206 1341 2247 Postilla
1371 2217 1514 2257 supra
1545 2206 1717 2246 librum
1747 2207 1848 2248 Job.

414 2272 441 2312 f.
480 2272 640 2314 1—13b
670 2273 841 2315 Tabula
872 2287 1013 2316 rerum
1045 2276 1331 2328 alphabetica.

408 2330 436 2371 f.
473 2332 547 2372 14ει
582 2332 990 2374 »Reverendissimo
1021 2337 1062 2374 in
1097 2333 1271 2374 Christo
1303 2337 1410 2385 patri
1436 2367 1446 2376 .
1473 2367 1480 2374 .
1518 2369 1524 2374 .
1559 2332 1749 2374 Guidoni
1782 2334 1836 2374 de
1860 2334 2071 2374 Bolonia.
2100 2369 2106 2374 .
2133 2366 2141 2374 .

272 2390 481 2441 episcopo
512 2389 739 2431 Portuensi
773 2423 781 2432 .
817 2423 824 2430 .
860 2424 867 2430 .
901 2391 1031 2432 frater
1060 2391 1284 2432 Johannes
1317 2392 1371 2431 de
1403 2391 1627 2432 Hisdinio«
1677 2395 1719 2430 ><
1766 2393 1792 2432 s.
1841 2390 1948 2432 355b
1999 2395 2143 2441 (rubr.)

275 2445 486 2499 »Explicit
514 2450 686 2500 postilla
717 2461 852 2501 supra
881 2451 1035 2490 librum
1067 2449 1149 2490 Job
1180 2449 1295 2490 facta
1325 2454 1369 2490 et
1398 2451 1632 2502 compilata
1674 2462 1701 2490 a
1745 2450 1793 2490 fr.
1840 2450 2039 2491 Johanne
2087 2450 2140 2490 de

272 2502 489 2602 Hyrszinio
522 2537 531 2546 .
563 2539 574 2549 .
607 2540 615 2547 .
650 2511 692 2547 et
722 2507 800 2547 fuit
831 2509 1047 2560 completa
1077 2520 1115 2548 a.
1149 2507 1190 2550 d.
1237 2506 1347 2548 1357
1388 2511 1430 2548 in
1470 2509 1614 2560 vigilia
1655 2508 1897 2548 festivitatis
1944 2510 2140 2548 omnium

273 2572 380 2602 sanc
400 2573 549 2604 orum«
587 2596 595 2604 .
631 2599 636 2605 .
671 2595 682 2605 .
1215 2577 1219 2582 '

411 2677 525 2732 648
897 2680 989 2730 IV.
1031 2679 1077 2729 C.
1113 2680 1194 2731 21.
1232 2691 1292 2733 (Υ.
1317 2691 1346 2725 1.
1370 2692 1404 2725 3.
1430 2702 1464 2726 n.
1490 2693 1562 2733 70.)

276 2760 420 2800 chart.
453 2771 497 2801 a.
527 2760 644 2803 1408
660 2760 726 2814 ff.
758 2762 858 2812 282,
890 2763 994 2804 285
1011 2764 1055 2801 ><
1074 2763 1128 2804 21
1163 2774 1246 2803 cm.
1277 2762 1302 2803 1
1337 2775 1398 2804 m.

270 2841 450 2882 Alberti
481 2842 537 2882 de
566 2841 723 2884 Padua
751 2843 945 2886 Postilla
976 2855 1119 2896 super
1164 2845 1405 2912 evangelia
1449 2844 1749 2886 dominicalia
1792 2855 1875 2895 per
1915 2843 2142 2885 circulum

1146 2914 1272 2944 anni.

416 2968 442 3009 s.
482 2969 525 3009 1⁸
560 2968 771 3011 »Domine
804 2971 928 3021 deus,
961 2983 1063 3012 ecce
1094 2975 1246 3012 nescio
1278 2972 1420 3025 loqui«
1457 2973 1500 3010 ><
1531 2971 1558 3012 f.
1593 2971 1695 3011 282·
1729 2973 1798 3011 »in
1828 2971 1975 3011 celesti
2008 2974 2145 3023 patria

272 3031 527 3078 regnantem
558 3038 658 3067 cum
690 3029 895 3069 omnibus
927 3032 1092 3070 sanctis
1125 3033 1231 3079 suis,
1265 3033 1338 3082 qui
1367 3032 1472 3069 vivit
1497 3033 1576 3070 etc.
1609 3028 1794 3081 Explicit
1816 3030 1987 3080 postilla
2009 3040 2141 3081 super

273 3085 496 3136 evangelia
527 3084 811 3131 dominicalia,
845 3098 930 3140 que
962 3089 1162 3140 leguntur
1192 3099 1268 3140 per
1297 3098 1476 3136 annum,
1526 3086 1641 3139 Mag.
1688 3086 1849 3127 Alberti
1895 3087 1949 3126 de
1996 3087 2145 3128 Padua

273 3143 356 3182 sub
387 3154 425 3182 a.
460 3142 500 3182 d.
537 3141 647 3183 1408
678 3143 826 3184 finitus
859 3145 960 3196 (sic)
991 3148 1033 3185 in
1066 3146 1134 3185 die
1168 3157 1201 3186 s.
1235 3144 1430 3185 Mauricii
1461 3156 1538 3196 per
1568 3155 1731 3185 manus
1760 3144 1923 3186 Jacobi
1955 3144 2012 3185 de
2044 3177 2053 3185 .
2088 3175 2097 3183 .
2131 3175 2141 3185 .

274 3204 437 3247 (cetera
467 3201 621 3241 evulsa
657 3201 788 3254 sunt).

410 3271 453 3307 In
476 3273 659 3319 operculo
680 3273 789 3312 infer.
812 3278 1009 3321 notantur,
1041 3276 1107 3322 qui
1130 3286 1153 3311 a
1175 3275 1451 3312 communione
1466 3274 1732 3321 prohibentur.
1765 3273 1889 3311 Vetus
1913 3274 2013 3321 sign.
2037 3273 2081 3322 C,
2103 3274 2141 3311 4.

1176 3422 1243 3454 259
1958 3411 2014 3449 17*
