2476 3782
1279 327 1386 368 1386

538 468 565 508 f.
605 465 867 508 180b—197·
898 466 1102 507 Officium
1135 467 1187 506 de
1220 477 1400 518 corpore
1434 465 1604 506 Christi.
1667 463 1800 514 (Nota
1841 464 2070 505 bohemica
2100 466 2143 505 in
2174 464 2258 504 fine

401 527 541 566 deleta
572 527 651 578 legi
683 536 771 564 non
803 525 981 577 potest.)

540 639 667 692 1386
1153 636 1266 688 VII.
1306 637 1372 687 H.
1411 639 1455 686 6.
1493 653 1538 686 a.

400 732 651 772 membran.
683 744 797 773 saec.
831 732 921 772 XV
935 731 998 783 ff
1031 732 1130 782 179,
1162 731 1369 772 12><9-5
1398 742 1479 772 cm.
1512 731 1535 770 1
1571 742 1630 770 m.
1664 741 1767 770 cum
1799 729 1894 769 init.
1920 729 2022 782 pict.

1175 811 1478 853 Breviarium.

542 939 669 992 1387
1143 940 1254 990 VII.
1291 940 1359 990 H.
1388 940 1431 988 6.
1471 939 1511 988 b.

399 1033 651 1073 membran.
683 1044 800 1073 saec.
832 1033 947 1073 XIV
967 1035 1018 1088 ff.
1051 1035 1147 1085 127,
1179 1034 1383 1075 12·5><9
1414 1045 1497 1074 cm.
1531 1033 1553 1072 1
1588 1044 1646 1072 m.

894 1114 1184 1155 Breviarium
1216 1125 1381 1155 carens
1414 1112 1550 1153 initio
1581 1115 1628 1152 et
1657 1111 1762 1152 fine.

540 1228 669 1282 1388
1127 1230 1239 1278 VII.
1278 1228 1344 1278 II.
1383 1230 1428 1277 6.
1468 1243 1503 1276 c.

398 1321 648 1362 membran.
680 1334 795 1362 saec.
826 1321 941 1362 XIV
960 1322 1013 1376 ff.
1045 1322 1142 1371 250,
1175 1322 1335 1372 14><9
1367 1334 1450 1363 cm.
1481 1322 1504 1361 1
1538 1332 1597 1360 m.

1225 1403 1430 1443 Missale.

535 1486 578 1522 In
612 1487 633 1522 2
667 1487 732 1524 fol.
766 1487 987 1533 praeligatis
1019 1497 1138 1523 manu
1170 1497 1274 1524 saec.
1305 1486 1397 1523 XIV
1428 1490 1611 1523 exaratae
1644 1490 1736 1521 sunt
1769 1483 2061 1520 benedictiones
2094 1481 2192 1518 salis
2223 1485 2258 1518 et

398 1554 535 1590 aquae,
567 1545 636 1580 sed
668 1545 822 1581 initium
853 1546 1062 1581 earundem
1103 1545 1356 1583 desideratur.
1417 1544 1460 1580 In
1506 1544 1571 1581 fol.
1613 1544 1752 1580 ultimo
1795 1551 1907 1578 verso
1941 1540 2110 1576 occurrit
2140 1550 2259 1575 manu

398 1611 502 1637 saec.
534 1601 758 1638 XV-XVI
790 1606 1020 1639 annotatum
1052 1603 1205 1638 initium
1237 1603 1442 1639 cuiusdam
1474 1602 1667 1637 bohemici
1700 1598 1890 1647 poematis
1922 1598 2020 1644 epici
2053 1592 2259 1644 (Pocfitek

398 1655 528 1695 hasne
560 1658 748 1706 epicke):

951 1715 1039 1754 »Co
1070 1718 1180 1754 bude
1210 1720 1304 1754 tuto
1335 1718 1570 1764 zpiewano,

949 1775 1008 1811 To
1038 1778 1132 1822 gest
1160 1763 1275 1812 Zatci
1307 1772 1438 1813 dobfe
1469 1784 1634 1818 znamo,

952 1833 1128 1870 Slistez.‹

397 1899 543 1936 Ibidem
575 1912 715 1938 manus
747 1913 851 1939 saec.
883 1902 957 1938 XV
989 1903 1212 1939 annotavit:
1279 1902 1447 1939 »Pessek
1488 1903 1536 1938 de
1567 1901 1785 1938 Ztrzebuno
1817 1899 1868 1946 (?)
1899 1899 2012 1935 Bieta
2042 1907 2145 1934 uxor
2177 1896 2259 1933 eius

399 1969 487 1994 cum
518 1960 647 2005 pueris
680 1964 715 1997 et
747 1971 835 1997 cum
866 1961 1090 1997 omnibus«

541 2071 669 2125 1389
1152 2073 1264 2122 VII.
1304 2072 1370 2121 H.
1409 2073 1452 2121 6.
1490 2072 1537 2120 d.

397 2164 642 2260 vnemgran.
676 2177 791 2207 saec.
824 2166 940 2206 XIV
964 2167 1023 2206 in.
1043 2165 1106 2218 ff.
1139 2167 1220 2207 261
1256 2165 1356 2208 (8c2
1370 2164 1433 2217 ff
1465 2165 1607 2205 chart.
1631 2175 1746 2207 saec,
1774 2162 1865 2203 XV
1885 2162 2022 2210 add.)‚
2054 2159 2260 2211 13·5><9

398 2233 481 2261 cm.
547 2253 555 2262 .
586 2234 644 2262 m.

900 2281 1188 2322 Breviarium
1220 2293 1384 2322 carens
1416 2280 1550 2320 initio
1582 2283 1629 2320 et
1658 2278 1760 2319 fine.

542 2405 671 2459 1390
1198 2408 1310 2457 VII.
1349 2407 1414 2456 H.
1455 2407 1498 2456 7.

399 2498 543 2538 chart.
573 2511 688 2539 saec.
721 2499 811 2539 XV
838 2512 901 2541 ex.
923 2500 987 2552 ff
1019 2501 1118 2550 454,
1149 2501 1309 2541 13><9
1341 2513 1424 2541 cm.
1472 2501 1512 2540 d.
1545 2512 1604 2539 m.

972 2581 1260 2622 Breviarium
1292 2583 1427 2629 (initio
1459 2580 1690 2627 mutilum).

535 2651 727 2698 Operculo
759 2653 868 2689 infer.
900 2653 1146 2699 adglutinata
1176 2658 1236 2689 est
1265 2651 1366 2689 Icon
1399 2652 1486 2688 aeri
1522 2651 1659 2687 incisa
1689 2660 1722 2687 s.
1751 2647 1993 2685 Sebastiani
2015 2658 2124 2685 saec.
2146 2647 2258 2684 XVI.

541 2775 646 2828 Ι39Ι
1187 2774 1292 2824 VII.
1335 2774 1401 2823 H.
1439 2775 1486 2822 8.

398 2868 540 2907 chart.
572 2881 687 2909 saec.
719 2869 861 2909 XVII
882 2870 931 2923 θ.
962 2868 1050 2910 143
1078 2880 1215 2916 num„
1247 2867 1454 2909 13><8·5
1479 2879 1562 2907 cm.
1595 2866 1635 2905 d.
1667 2878 1727 2905 m.

541 2949 567 2988 f.
606 2949 787 2989 12—48‘2
822 2949 1154 2990 ›Directorium
1186 2947 1509 2988 novitiorum.«

541 3018 566 3056 f.
599 3018 844 3059 492—1022
877 3019 1168 3058 »Itinerarium
1199 3016 1473 3068 perfectionis
1517 3018 1609 3055 sive
1649 3014 1900 3055 Instructio
1947 3004 2254 3055 novitiorum«

398 3074 826 3116 Carthusianorum.

540 3144 567 3183 f.
606 3142 870 3185 103a—143b
901 3143 1114 3184 Exercitia
1145 3143 1378 3195 spiritualia
1409 3153 1486 3194 pro
1519 3142 1702 3182 diversis
1734 3142 1870 3181 festis.

536 3227 577 3262 In
610 3228 732 3263 fronte
763 3227 828 3264 fol.
867 3229 909 3263 1³
942 3238 1060 3263 manu
1090 3227 1292 3263 recentiori
1323 3227 1552 3272 inscriptum
1575 3229 1654 3262 est:
1693 3225 1881 3270 »Agenda
1904 3224 2139 3261 novitiorum
2161 3224 2256 3260 Car-

398 3285 548 3319 thusiae
581 3285 887 3322 Waldicensis.«

1296 3430 1363 3462 520
