<?xml version="1.0" encoding="UTF-8"?>
<!DOCTYPE html PUBLIC "-//W3C//DTD XHTML 1.0 Transitional//EN"
    "http://www.w3.org/TR/xhtml1/DTD/xhtml1-transitional.dtd">
<html xmlns="http://www.w3.org/1999/xhtml" xml:lang="en" lang="en">
 <head>
  <title>
</title>
<meta http-equiv="Content-Type" content="text/html;charset=utf-8" />
  <meta name='ocr-system' content='tesseract 3.04.00' />
  <meta name='ocr-capabilities' content='ocr_page ocr_carea ocr_par ocr_line ocrx_word'/>
</head>
<body>
  <div class='ocr_page' id='page_1' title='image "./cataloguscodicum01praguoft_0228.png"; bbox 0 0 2476 3782; ppageno 0'>
   <div class='ocr_carea' id='block_1_1' title="bbox 1284 296 1368 337">
    <p class='ocr_par' dir='ltr' id='par_1_1' title="bbox 1284 296 1368 337">
     <span class='ocr_line' id='line_1_1' title="bbox 1284 296 1368 337; baseline -0.024 0"><span class='ocrx_word' id='word_1_1' title='bbox 1284 296 1368 337; x_wconf 87' lang='lat'><strong>515</strong></span> 
     </span>
    </p>
   </div>
   <div class='ocr_carea' id='block_1_2' title="bbox 397 430 2263 1462">
    <p class='ocr_par' dir='ltr' id='par_1_2' title="bbox 536 430 1967 482">
     <span class='ocr_line' id='line_1_2' title="bbox 536 430 1967 482; baseline -0.001 -11"><span class='ocrx_word' id='word_1_2' title='bbox 536 432 562 472; x_wconf 88' lang='lat' dir='ltr'><strong>s.</strong></span> <span class='ocrx_word' id='word_1_3' title='bbox 602 430 702 472; x_wconf 74' lang='lat'><strong>134¹&gt;</strong></span> <span class='ocrx_word' id='word_1_4' title='bbox 733 435 944 482; x_wconf 86' lang='lat' dir='ltr'><strong>(anepigr.)</strong></span> <span class='ocrx_word' id='word_1_5' title='bbox 977 432 1294 473; x_wconf 89' lang='lat' dir='ltr'><strong>Conclusiones</strong></span> <span class='ocrx_word' id='word_1_6' title='bbox 1328 445 1407 473; x_wconf 81' lang='lat' dir='ltr'><strong>sex</strong></span> <span class='ocrx_word' id='word_1_7' title='bbox 1440 433 1493 472; x_wconf 93' lang='lat' dir='ltr'><strong>de</strong></span> <span class='ocrx_word' id='word_1_8' title='bbox 1526 434 1669 472; x_wconf 82' lang='lat' dir='ltr'><strong>hostia</strong></span> <span class='ocrx_word' id='word_1_9' title='bbox 1701 437 1967 472; x_wconf 84' lang='lat' dir='ltr'><strong>consecrata.</strong></span> 
     </span>
    </p>

    <p class='ocr_par' dir='ltr' id='par_1_3' title="bbox 398 488 2260 657">
     <span class='ocr_line' id='line_1_3' title="bbox 536 488 2260 542; baseline 0.001 -13"><span class='ocrx_word' id='word_1_10' title='bbox 536 489 562 531; x_wconf 89' lang='lat' dir='ltr'><strong>f.</strong></span> <span class='ocrx_word' id='word_1_11' title='bbox 612 488 880 530; x_wconf 63' lang='lat' dir='ltr'><strong>13412-—223a</strong></span> <span class='ocrx_word' id='word_1_12' title='bbox 924 490 1154 531; x_wconf 87' lang='lat' dir='ltr'><strong>Johannis</strong></span> <span class='ocrx_word' id='word_1_13' title='bbox 1199 490 1361 531; x_wconf 87' lang='lat' dir='ltr'><strong>Wiclif</strong></span> <span class='ocrx_word' id='word_1_14' title='bbox 1417 491 1656 531; x_wconf 85' lang='lat' dir='ltr'><strong>Tractatus</strong></span> <span class='ocrx_word' id='word_1_15' title='bbox 1714 491 1768 530; x_wconf 92' lang='lat' dir='ltr'><strong>de</strong></span> <span class='ocrx_word' id='word_1_16' title='bbox 1825 491 2058 540; x_wconf 84' lang='lat' dir='ltr'><strong>potestate</strong></span> <span class='ocrx_word' id='word_1_17' title='bbox 2113 500 2260 542; x_wconf 83' lang='lat' dir='ltr'><strong>papae</strong></span> 
     </span>
     <span class='ocr_line' id='line_1_4' title="bbox 398 546 2260 600; baseline 0.001 -14"><span class='ocrx_word' id='word_1_18' title='bbox 398 547 634 593; x_wconf 90' lang='lat' dir='ltr'><strong>(Summae</strong></span> <span class='ocrx_word' id='word_1_19' title='bbox 664 547 740 588; x_wconf 90' lang='lat' dir='ltr'><strong>lib.</strong></span> <span class='ocrx_word' id='word_1_20' title='bbox 771 547 866 600; x_wconf 92' lang='lat' dir='ltr'><strong>IX).</strong></span> <span class='ocrx_word' id='word_1_21' title='bbox 912 549 1023 589; x_wconf 83' lang='lat' dir='ltr'><strong>»Iam</strong></span> <span class='ocrx_word' id='word_1_22' title='bbox 1056 549 1204 588; x_wconf 90' lang='lat' dir='ltr'><strong>ultimo</strong></span> <span class='ocrx_word' id='word_1_23' title='bbox 1236 552 1390 588; x_wconf 82' lang='lat' dir='ltr'><strong>restat«</strong></span> <span class='ocrx_word' id='word_1_24' title='bbox 1428 551 1470 586; x_wconf 89' lang='lat'><strong>&gt;&lt;</strong></span> <span class='ocrx_word' id='word_1_25' title='bbox 1507 548 1735 587; x_wconf 81' lang='lat' dir='ltr'><strong>»membris</strong></span> <span class='ocrx_word' id='word_1_26' title='bbox 1759 547 1931 599; x_wconf 83' lang='lat' dir='ltr'>dyaboli</span> <span class='ocrx_word' id='word_1_27' title='bbox 1954 546 2010 585; x_wconf 88' lang='lat' dir='ltr'><strong>ad</strong></span> <span class='ocrx_word' id='word_1_28' title='bbox 2032 546 2260 588; x_wconf 86' lang='lat' dir='ltr'><strong>infernum.</strong></span> 
     </span>
     <span class='ocr_line' id='line_1_5' title="bbox 398 605 1799 657; baseline 0 -13"><span class='ocrx_word' id='word_1_29' title='bbox 398 605 581 656; x_wconf 86' lang='lat' dir='ltr'>Explicit</span> <span class='ocrx_word' id='word_1_30' title='bbox 613 609 819 645; x_wconf 88' lang='lat' dir='ltr'><strong>tractatus</strong></span> <span class='ocrx_word' id='word_1_31' title='bbox 853 606 905 645; x_wconf 91' lang='lat' dir='ltr'><strong>de</strong></span> <span class='ocrx_word' id='word_1_32' title='bbox 938 610 1151 657; x_wconf 82' lang='lat' dir='ltr'><strong>potestate</strong></span> <span class='ocrx_word' id='word_1_33' title='bbox 1184 618 1294 657; x_wconf 90' lang='lat' dir='ltr'><strong>pape</strong></span> <span class='ocrx_word' id='word_1_34' title='bbox 1326 605 1537 646; x_wconf 83' lang='lat' dir='ltr'><strong>Johannis</strong></span> <span class='ocrx_word' id='word_1_35' title='bbox 1569 605 1799 657; x_wconf 84' lang='lat' dir='ltr'><strong>Wykleff.«</strong></span> 
     </span>
    </p>

    <p class='ocr_par' dir='ltr' id='par_1_4' title="bbox 398 660 2261 875">
     <span class='ocr_line' id='line_1_6' title="bbox 537 660 2261 712; baseline 0.001 -11"><span class='ocrx_word' id='word_1_36' title='bbox 537 662 563 701; x_wconf 86' lang='lat' dir='ltr'><strong>f.</strong></span> <span class='ocrx_word' id='word_1_37' title='bbox 597 660 871 703; x_wconf 74' lang='lat' dir='ltr'><strong>223b-226a</strong></span> <span class='ocrx_word' id='word_1_38' title='bbox 903 666 1114 712; x_wconf 84' lang='lat' dir='ltr'><strong>(anepigr.)</strong></span> <span class='ocrx_word' id='word_1_39' title='bbox 1144 662 1364 704; x_wconf 87' lang='lat' dir='ltr'><strong>Eiusdem</strong></span> <span class='ocrx_word' id='word_1_40' title='bbox 1394 663 1635 703; x_wconf 88' lang='lat' dir='ltr'><strong>Tractatus</strong></span> <span class='ocrx_word' id='word_1_41' title='bbox 1663 664 1718 703; x_wconf 88' lang='lat' dir='ltr'><strong>de</strong></span> <span class='ocrx_word' id='word_1_42' title='bbox 1739 661 2086 705; x_wconf 85' lang='lat' dir='ltr'><strong>vaticinatione.</strong></span> <span class='ocrx_word' id='word_1_43' title='bbox 2123 661 2261 703; x_wconf 80' lang='lat' dir='ltr'><strong>»Cum</strong></span> 
     </span>
     <span class='ocr_line' id='line_1_7' title="bbox 399 718 2261 772; baseline 0.001 -13"><span class='ocrx_word' id='word_1_44' title='bbox 399 720 642 760; x_wconf 90' lang='lat' dir='ltr'><strong>secundum</strong></span> <span class='ocrx_word' id='word_1_45' title='bbox 676 725 879 761; x_wconf 87' lang='lat' dir='ltr'><strong>sanctos«</strong></span> <span class='ocrx_word' id='word_1_46' title='bbox 915 722 960 759; x_wconf 93' lang='grc'><strong>&gt;&lt;</strong></span> <span class='ocrx_word' id='word_1_47' title='bbox 995 737 1013 755; x_wconf 82' lang='lat'><strong>»</strong></span> <span class='ocrx_word' id='word_1_48' title='bbox 1049 722 1319 772; x_wconf 91' lang='lat' dir='ltr'><strong>perturbacio</strong></span> <span class='ocrx_word' id='word_1_49' title='bbox 1352 723 1534 761; x_wconf 82' lang='lat' dir='ltr'><strong>ecclesie</strong></span> <span class='ocrx_word' id='word_1_50' title='bbox 1567 724 1622 760; x_wconf 93' lang='lat' dir='ltr'><strong>sit</strong></span> <span class='ocrx_word' id='word_1_51' title='bbox 1645 721 1808 760; x_wconf 89' lang='lat' dir='ltr'><strong>sedata.</strong></span> <span class='ocrx_word' id='word_1_52' title='bbox 1843 721 1997 759; x_wconf 82' lang='lat' dir='ltr'><strong>Amen.</strong></span> <span class='ocrx_word' id='word_1_53' title='bbox 2032 718 2261 772; x_wconf 84' lang='lat' dir='ltr'><strong>Scriptoris</strong></span> 
     </span>
     <span class='ocr_line' id='line_1_8' title="bbox 398 778 2260 830; baseline 0.001 -13"><span class='ocrx_word' id='word_1_54' title='bbox 398 781 541 817; x_wconf 87' lang='lat' dir='ltr'><strong>cuncti</strong></span> <span class='ocrx_word' id='word_1_55' title='bbox 588 790 805 818; x_wconf 89' lang='lat' dir='ltr'><strong>memores</strong></span> <span class='ocrx_word' id='word_1_56' title='bbox 854 781 940 818; x_wconf 90' lang='lat' dir='ltr'><strong>sint</strong></span> <span class='ocrx_word' id='word_1_57' title='bbox 985 781 1068 819; x_wconf 82' lang='lat' dir='ltr'><strong>ista</strong></span> <span class='ocrx_word' id='word_1_58' title='bbox 1113 780 1305 830; x_wconf 88' lang='lat' dir='ltr'><strong>legentes</strong></span> <span class='ocrx_word' id='word_1_59' title='bbox 1352 780 1492 830; x_wconf 85' lang='lat' dir='ltr'><strong>Atque</strong></span> <span class='ocrx_word' id='word_1_60' title='bbox 1541 782 1766 830; x_wconf 83' lang='lat' dir='ltr'><strong>precentur</strong></span> <span class='ocrx_word' id='word_1_61' title='bbox 1797 781 1833 817; x_wconf 94' lang='lat' dir='ltr'><strong>ei</strong></span> <span class='ocrx_word' id='word_1_62' title='bbox 1866 780 2058 829; x_wconf 88' lang='lat' dir='ltr'><strong>requiem</strong></span> <span class='ocrx_word' id='word_1_63' title='bbox 2105 778 2260 818; x_wconf 88' lang='lat' dir='ltr'><strong>iubilei.</strong></span> 
     </span>
     <span class='ocr_line' id='line_1_9' title="bbox 398 836 578 875; baseline 0.006 -1"><span class='ocrx_word' id='word_1_64' title='bbox 398 836 578 875; x_wconf 74' lang='lat' dir='ltr'><strong>Amen«</strong></span> 
     </span>
    </p>

    <p class='ocr_par' dir='ltr' id='par_1_5' title="bbox 397 890 2260 1003">
     <span class='ocr_line' id='line_1_10' title="bbox 536 890 2260 945; baseline 0.001 -13"><span class='ocrx_word' id='word_1_65' title='bbox 536 893 562 933; x_wconf 82' lang='lat' dir='ltr'><strong>f.</strong></span> <span class='ocrx_word' id='word_1_66' title='bbox 587 890 860 934; x_wconf 61' lang='grc' dir='ltr'><strong>2261)--228ξι</strong></span> <span class='ocrx_word' id='word_1_67' title='bbox 883 894 1091 943; x_wconf 86' lang='lat' dir='ltr'><strong>(anepigr.)</strong></span> <span class='ocrx_word' id='word_1_68' title='bbox 1105 893 1347 945; x_wconf 88' lang='lat' dir='ltr'><strong>Registrum</strong></span> <span class='ocrx_word' id='word_1_69' title='bbox 1361 898 1567 934; x_wconf 87' lang='lat' dir='ltr'><strong>tractatus</strong></span> <span class='ocrx_word' id='word_1_70' title='bbox 1587 894 1639 932; x_wconf 77' lang='lat' dir='ltr'><strong>de</strong></span> <span class='ocrx_word' id='word_1_71' title='bbox 1658 897 1871 944; x_wconf 85' lang='lat' dir='ltr'><strong>potestate</strong></span> <span class='ocrx_word' id='word_1_72' title='bbox 1894 904 2032 944; x_wconf 90' lang='lat' dir='ltr'><strong>papae</strong></span> <span class='ocrx_word' id='word_1_73' title='bbox 2056 904 2260 934; x_wconf 90' lang='lat' dir='ltr'><strong>mancum</strong></span> 
     </span>
     <span class='ocr_line' id='line_1_11' title="bbox 397 949 1413 1003; baseline 0.002 -14"><span class='ocrx_word' id='word_1_74' title='bbox 397 951 468 1002; x_wconf 73' lang='lat' dir='ltr'><strong>(z</strong></span> <span class='ocrx_word' id='word_1_75' title='bbox 491 949 700 991; x_wconf 82' lang='lat' dir='ltr'><strong>»Summa</strong></span> <span class='ocrx_word' id='word_1_76' title='bbox 730 951 820 990; x_wconf 92' lang='lat' dir='ltr'><strong>libri</strong></span> <span class='ocrx_word' id='word_1_77' title='bbox 852 952 986 991; x_wconf 85' lang='lat' dir='ltr'><strong>ultimi</strong></span> <span class='ocrx_word' id='word_1_78' title='bbox 1018 955 1060 991; x_wconf 90' lang='lat' dir='ltr'><strong>in</strong></span> <span class='ocrx_word' id='word_1_79' title='bbox 1093 952 1413 1003; x_wconf 90' lang='lat' dir='ltr'><strong>compendio«).</strong></span> 
     </span>
    </p>

    <p class='ocr_par' dir='ltr' id='par_1_6' title="bbox 397 1009 2263 1346">
     <span class='ocr_line' id='line_1_12' title="bbox 536 1009 2262 1058; baseline 0.001 -12"><span class='ocrx_word' id='word_1_80' title='bbox 536 1011 675 1047; x_wconf 85' lang='lat' dir='ltr'><strong>Textui</strong></span> <span class='ocrx_word' id='word_1_81' title='bbox 706 1011 827 1047; x_wconf 90' lang='lat' dir='ltr'><strong>latino</strong></span> <span class='ocrx_word' id='word_1_82' title='bbox 859 1013 1007 1058; x_wconf 89' lang='lat' dir='ltr'><strong>passim</strong></span> <span class='ocrx_word' id='word_1_83' title='bbox 1039 1014 1205 1047; x_wconf 87' lang='lat' dir='ltr'><strong>insertae</strong></span> <span class='ocrx_word' id='word_1_84' title='bbox 1249 1015 1340 1047; x_wconf 87' lang='lat' dir='ltr'><strong>sunt</strong></span> <span class='ocrx_word' id='word_1_85' title='bbox 1381 1022 1498 1047; x_wconf 86' lang='lat' dir='ltr'><strong>voces</strong></span> <span class='ocrx_word' id='word_1_86' title='bbox 1529 1012 1755 1047; x_wconf 88' lang='lat' dir='ltr'><strong>bohemicae</strong></span> <span class='ocrx_word' id='word_1_87' title='bbox 1788 1014 1825 1046; x_wconf 91' lang='lat' dir='ltr'><strong>et</strong></span> <span class='ocrx_word' id='word_1_88' title='bbox 1857 1011 1880 1051; x_wconf 78' lang='lat' dir='ltr'><strong>f.</strong></span> <span class='ocrx_word' id='word_1_89' title='bbox 1918 1009 1997 1046; x_wconf 91' lang='lat'><strong>114</strong></span> <span class='ocrx_word' id='word_1_90' title='bbox 2045 1010 2262 1048; x_wconf 87' lang='lat' dir='ltr'><strong>rubricator</strong></span> 
     </span>
     <span class='ocr_line' id='line_1_13' title="bbox 398 1067 2263 1115; baseline -0.001 -11"><span class='ocrx_word' id='word_1_91' title='bbox 398 1069 567 1105; x_wconf 85' lang='lat' dir='ltr'><strong>addidit:</strong></span> <span class='ocrx_word' id='word_1_92' title='bbox 606 1079 766 1115; x_wconf 89' lang='lat' dir='ltr'><strong>»opraw</strong></span> <span class='ocrx_word' id='word_1_93' title='bbox 805 1073 845 1105; x_wconf 93' lang='lat' dir='ltr'><strong>to</strong></span> <span class='ocrx_word' id='word_1_94' title='bbox 877 1071 1110 1115; x_wconf 87' lang='lat' dir='ltr'><strong>mnyssku«.</strong></span> <span class='ocrx_word' id='word_1_95' title='bbox 1167 1069 1209 1105; x_wconf 92' lang='lat' dir='ltr'><strong>In</strong></span> <span class='ocrx_word' id='word_1_96' title='bbox 1242 1070 1468 1105; x_wconf 86' lang='lat' dir='ltr'><strong>membrana</strong></span> <span class='ocrx_word' id='word_1_97' title='bbox 1498 1070 1625 1105; x_wconf 91' lang='lat' dir='ltr'><strong>codici</strong></span> <span class='ocrx_word' id='word_1_98' title='bbox 1655 1068 1868 1115; x_wconf 86' lang='lat' dir='ltr'><strong>praeligata</strong></span> <span class='ocrx_word' id='word_1_99' title='bbox 1899 1078 2017 1103; x_wconf 88' lang='lat' dir='ltr'><strong>manu</strong></span> <span class='ocrx_word' id='word_1_100' title='bbox 2050 1078 2153 1106; x_wconf 89' lang='lat' dir='ltr'><strong>saec.</strong></span> <span class='ocrx_word' id='word_1_101' title='bbox 2188 1067 2263 1104; x_wconf 93' lang='lat' dir='ltr'><strong>XV</strong></span> 
     </span>
     <span class='ocr_line' id='line_1_14' title="bbox 399 1125 2262 1172; baseline 0 -10"><span class='ocrx_word' id='word_1_102' title='bbox 399 1127 576 1162; x_wconf 88' lang='lat' dir='ltr'><strong>exeuntis</strong></span> <span class='ocrx_word' id='word_1_103' title='bbox 608 1127 668 1162; x_wconf 89' lang='lat' dir='ltr'><strong>vel</strong></span> <span class='ocrx_word' id='word_1_104' title='bbox 699 1125 790 1162; x_wconf 91' lang='lat' dir='ltr'><strong>XVI</strong></span> <span class='ocrx_word' id='word_1_105' title='bbox 820 1128 989 1163; x_wconf 89' lang='lat' dir='ltr'><strong>ineuntis</strong></span> <span class='ocrx_word' id='word_1_106' title='bbox 1023 1128 1079 1162; x_wconf 88' lang='lat' dir='ltr'><strong>sic</strong></span> <span class='ocrx_word' id='word_1_107' title='bbox 1125 1127 1343 1162; x_wconf 87' lang='lat' dir='ltr'><strong>intitulatur</strong></span> <span class='ocrx_word' id='word_1_108' title='bbox 1375 1128 1493 1163; x_wconf 88' lang='lat' dir='ltr'><strong>liber:</strong></span> <span class='ocrx_word' id='word_1_109' title='bbox 1543 1126 1623 1162; x_wconf 87' lang='lat' dir='ltr'><strong>»De</strong></span> <span class='ocrx_word' id='word_1_110' title='bbox 1655 1126 1899 1172; x_wconf 89' lang='lat' dir='ltr'><strong>blasphemia</strong></span> <span class='ocrx_word' id='word_1_111' title='bbox 1934 1136 2047 1172; x_wconf 89' lang='lat' dir='ltr'><strong>pape.</strong></span> <span class='ocrx_word' id='word_1_112' title='bbox 2080 1125 2195 1162; x_wconf 88' lang='lat' dir='ltr'><strong>Liber</strong></span> <span class='ocrx_word' id='word_1_113' title='bbox 2215 1127 2262 1162; x_wconf 91' lang='lat' dir='ltr'><strong>de</strong></span> 
     </span>
     <span class='ocr_line' id='line_1_15' title="bbox 398 1183 2261 1231; baseline -0.001 -11"><span class='ocrx_word' id='word_1_114' title='bbox 398 1184 587 1230; x_wconf 83' lang='lat' dir='ltr'><strong>Symonia</strong></span> <span class='ocrx_word' id='word_1_115' title='bbox 618 1190 654 1220; x_wconf 90' lang='lat' dir='ltr'><strong>et</strong></span> <span class='ocrx_word' id='word_1_116' title='bbox 675 1188 864 1230; x_wconf 82' lang='lat' dir='ltr'><strong>potestate</strong></span> <span class='ocrx_word' id='word_1_117' title='bbox 886 1195 984 1231; x_wconf 86' lang='lat' dir='ltr'><strong>pape</strong></span> <span class='ocrx_word' id='word_1_118' title='bbox 1005 1184 1180 1220; x_wconf 89' lang='lat' dir='ltr'><strong>Authore</strong></span> <span class='ocrx_word' id='word_1_119' title='bbox 1197 1184 1389 1231; x_wconf 89' lang='lat' dir='ltr'><strong>Viglepho</strong></span> <span class='ocrx_word' id='word_1_120' title='bbox 1421 1184 1711 1230; x_wconf 79' lang='lat' dir='ltr'><strong>Ewangelico«.</strong></span> <span class='ocrx_word' id='word_1_121' title='bbox 1753 1183 1901 1219; x_wconf 91' lang='lat' dir='ltr'><strong>Ibidem</strong></span> <span class='ocrx_word' id='word_1_122' title='bbox 1933 1183 1972 1219; x_wconf 89' lang='lat' dir='ltr'><strong>in</strong></span> <span class='ocrx_word' id='word_1_123' title='bbox 1994 1183 2140 1221; x_wconf 88' lang='lat' dir='ltr'><strong>fronte:</strong></span> <span class='ocrx_word' id='word_1_124' title='bbox 2177 1183 2261 1219; x_wconf 82' lang='lat' dir='ltr'><strong>»Li-</strong></span> 
     </span>
     <span class='ocr_line' id='line_1_16' title="bbox 397 1242 2260 1288; baseline 0.001 -10"><span class='ocrx_word' id='word_1_125' title='bbox 397 1243 463 1278; x_wconf 91' lang='lat' dir='ltr'><strong>ber</strong></span> <span class='ocrx_word' id='word_1_126' title='bbox 492 1242 650 1278; x_wconf 89' lang='lat' dir='ltr'><strong>Martini</strong></span> <span class='ocrx_word' id='word_1_127' title='bbox 681 1242 794 1278; x_wconf 87' lang='lat' dir='ltr'><strong>Bol.«</strong></span> <span class='ocrx_word' id='word_1_128' title='bbox 856 1242 900 1278; x_wconf 93' lang='lat' dir='ltr'><strong>In</strong></span> <span class='ocrx_word' id='word_1_129' title='bbox 947 1243 1172 1278; x_wconf 87' lang='lat' dir='ltr'><strong>membrana</strong></span> <span class='ocrx_word' id='word_1_130' title='bbox 1204 1243 1388 1288; x_wconf 87' lang='lat' dir='ltr'><strong>operculo</strong></span> <span class='ocrx_word' id='word_1_131' title='bbox 1421 1242 1529 1279; x_wconf 88' lang='lat' dir='ltr'><strong>infer.</strong></span> <span class='ocrx_word' id='word_1_132' title='bbox 1562 1242 1735 1288; x_wconf 86' lang='lat' dir='ltr'><strong>adligata</strong></span> <span class='ocrx_word' id='word_1_133' title='bbox 1765 1242 1803 1277; x_wconf 92' lang='lat' dir='ltr'><strong>hi</strong></span> <span class='ocrx_word' id='word_1_134' title='bbox 1835 1251 1972 1277; x_wconf 86' lang='lat' dir='ltr'><strong>versus</strong></span> <span class='ocrx_word' id='word_1_135' title='bbox 2006 1252 2125 1277; x_wconf 90' lang='lat' dir='ltr'><strong>manu</strong></span> <span class='ocrx_word' id='word_1_136' title='bbox 2157 1251 2260 1279; x_wconf 85' lang='lat' dir='ltr'><strong>saec.</strong></span> 
     </span>
     <span class='ocr_line' id='line_1_17' title="bbox 397 1299 912 1346; baseline 0.004 -13"><span class='ocrx_word' id='word_1_137' title='bbox 397 1299 488 1334; x_wconf 87' lang='lat' dir='ltr'><strong>XVI</strong></span> <span class='ocrx_word' id='word_1_138' title='bbox 520 1301 651 1346; x_wconf 84' lang='lat' dir='ltr'><strong>scripti</strong></span> <span class='ocrx_word' id='word_1_139' title='bbox 684 1304 912 1336; x_wconf 89' lang='lat' dir='ltr'><strong>occurrunt:</strong></span> 
     </span>
    </p>

    <p class='ocr_par' dir='ltr' id='par_1_7' title="bbox 814 1357 1899 1462">
     <span class='ocr_line' id='line_1_18' title="bbox 823 1357 1899 1404; baseline -0.001 -11"><span class='ocrx_word' id='word_1_140' title='bbox 823 1357 903 1393; x_wconf 83' lang='lat' dir='ltr'><strong>»En</strong></span> <span class='ocrx_word' id='word_1_141' title='bbox 935 1359 1032 1393; x_wconf 88' lang='lat' dir='ltr'><strong>redit</strong></span> <span class='ocrx_word' id='word_1_142' title='bbox 1063 1368 1082 1393; x_wconf 90' lang='lat' dir='ltr'><strong>e</strong></span> <span class='ocrx_word' id='word_1_143' title='bbox 1114 1360 1264 1404; x_wconf 86' lang='lat' dir='ltr'><strong>superis</strong></span> <span class='ocrx_word' id='word_1_144' title='bbox 1295 1358 1402 1393; x_wconf 88' lang='lat' dir='ltr'><strong>Hus:</strong></span> <span class='ocrx_word' id='word_1_145' title='bbox 1435 1358 1528 1403; x_wconf 89' lang='lat' dir='ltr'><strong>quid</strong></span> <span class='ocrx_word' id='word_1_146' title='bbox 1560 1358 1593 1393; x_wconf 88' lang='lat' dir='ltr'><strong>si</strong></span> <span class='ocrx_word' id='word_1_147' title='bbox 1626 1357 1718 1392; x_wconf 90' lang='lat' dir='ltr'><strong>forte</strong></span> <span class='ocrx_word' id='word_1_148' title='bbox 1761 1357 1899 1393; x_wconf 90' lang='lat' dir='ltr'><strong>redibit</strong></span> 
     </span>
     <span class='ocr_line' id='line_1_19' title="bbox 814 1404 1784 1462; baseline 0 -11"><span class='ocrx_word' id='word_1_149' title='bbox 814 1404 934 1451; x_wconf 60' lang='lat' dir='ltr'><strong>Ziika</strong></span> <span class='ocrx_word' id='word_1_150' title='bbox 965 1426 1061 1451; x_wconf 87' lang='lat' dir='ltr'><strong>suus</strong></span> <span class='ocrx_word' id='word_1_151' title='bbox 1092 1416 1269 1450; x_wconf 85' lang='lat' dir='ltr'><strong>vindex?</strong></span> <span class='ocrx_word' id='word_1_152' title='bbox 1330 1415 1453 1462; x_wconf 89' lang='lat' dir='ltr'><strong>Impia</strong></span> <span class='ocrx_word' id='word_1_153' title='bbox 1482 1415 1617 1458; x_wconf 86' lang='lat' dir='ltr'><strong>Roma,</strong></span> <span class='ocrx_word' id='word_1_154' title='bbox 1651 1425 1784 1451; x_wconf 70' lang='lat' dir='ltr'><strong>cave«</strong></span> 
     </span>
    </p>
   </div>
   <div class='ocr_carea' id='block_1_3' title="bbox 535 1526 1686 1579">
    <p class='ocr_par' dir='ltr' id='par_1_8' title="bbox 535 1526 1686 1579">
     <span class='ocr_line' id='line_1_20' title="bbox 535 1526 1686 1579; baseline -0.008 0"><span class='ocrx_word' id='word_1_155' title='bbox 535 1526 624 1579; x_wconf 88' lang='grc'><strong>515</strong></span> <span class='ocrx_word' id='word_1_156' title='bbox 1010 1526 1103 1576; x_wconf 89' lang='lat' dir='ltr'>III.</span> <span class='ocrx_word' id='word_1_157' title='bbox 1142 1527 1194 1575; x_wconf 84' lang='lat' dir='ltr'><strong>F.</strong></span> <span class='ocrx_word' id='word_1_158' title='bbox 1230 1527 1310 1576; x_wconf 81' lang='lat'><strong>12.</strong></span> <span class='ocrx_word' id='word_1_159' title='bbox 1352 1537 1417 1579; x_wconf 88' lang='lat' dir='ltr'><strong>(Y.</strong></span> <span class='ocrx_word' id='word_1_160' title='bbox 1442 1539 1468 1570; x_wconf 84' lang='lat' dir='ltr'><strong>J.</strong></span> <span class='ocrx_word' id='word_1_161' title='bbox 1496 1539 1525 1570; x_wconf 91' lang='lat'><strong>1.</strong></span> <span class='ocrx_word' id='word_1_162' title='bbox 1553 1548 1586 1570; x_wconf 82' lang='lat' dir='ltr'><strong>n.</strong></span> <span class='ocrx_word' id='word_1_163' title='bbox 1612 1538 1686 1579; x_wconf 78' lang='lat'><strong>78.)</strong></span> 
     </span>
    </p>
   </div>
   <div class='ocr_carea' id='block_1_4' title="bbox 398 1618 1603 1673">
    <p class='ocr_par' dir='ltr' id='par_1_9' title="bbox 398 1618 1603 1673">
     <span class='ocr_line' id='line_1_21' title="bbox 398 1618 1603 1673; baseline -0.002 -13"><span class='ocrx_word' id='word_1_164' title='bbox 398 1621 541 1660; x_wconf 82' lang='lat' dir='ltr'><strong>chart.</strong></span> <span class='ocrx_word' id='word_1_165' title='bbox 571 1631 687 1660; x_wconf 83' lang='lat' dir='ltr'><strong>saec.</strong></span> <span class='ocrx_word' id='word_1_166' title='bbox 719 1618 812 1659; x_wconf 90' lang='lat' dir='ltr'><strong>XV</strong></span> <span class='ocrx_word' id='word_1_167' title='bbox 829 1620 881 1673; x_wconf 87' lang='lat' dir='ltr'><strong>ff.</strong></span> <span class='ocrx_word' id='word_1_168' title='bbox 913 1621 1011 1669; x_wconf 78' lang='lat'><strong>380,</strong></span> <span class='ocrx_word' id='word_1_169' title='bbox 1044 1620 1325 1660; x_wconf 82' lang='lat'><em>21·5&gt;&lt;15·5</em></span> <span class='ocrx_word' id='word_1_170' title='bbox 1353 1632 1437 1661; x_wconf 84' lang='lat' dir='ltr'><strong>cm.</strong></span> <span class='ocrx_word' id='word_1_171' title='bbox 1470 1620 1511 1660; x_wconf 87' lang='lat' dir='ltr'><strong>d.</strong></span> <span class='ocrx_word' id='word_1_172' title='bbox 1543 1632 1603 1659; x_wconf 81' lang='lat' dir='ltr'><strong>m.</strong></span> 
     </span>
    </p>
   </div>
   <div class='ocr_carea' id='block_1_5' title="bbox 397 1700 2262 1982">
    <p class='ocr_par' dir='ltr' id='par_1_10' title="bbox 536 1700 2262 1752">
     <span class='ocr_line' id='line_1_22' title="bbox 536 1700 2262 1752; baseline 0 -11"><span class='ocrx_word' id='word_1_173' title='bbox 536 1701 911 1741; x_wconf 87' lang='lat' dir='ltr'><strong>Commentarius</strong></span> <span class='ocrx_word' id='word_1_174' title='bbox 942 1701 990 1741; x_wconf 90' lang='lat' dir='ltr'><strong>in</strong></span> <span class='ocrx_word' id='word_1_175' title='bbox 1021 1713 1056 1741; x_wconf 91' lang='lat' dir='ltr'><strong>s.</strong></span> <span class='ocrx_word' id='word_1_176' title='bbox 1091 1700 1225 1741; x_wconf 86' lang='lat' dir='ltr'><strong>Pauli</strong></span> <span class='ocrx_word' id='word_1_177' title='bbox 1256 1700 1502 1752; x_wconf 90' lang='lat' dir='ltr'><strong>epistolam</strong></span> <span class='ocrx_word' id='word_1_178' title='bbox 1542 1701 1598 1740; x_wconf 90' lang='lat' dir='ltr'><strong>ad</strong></span> <span class='ocrx_word' id='word_1_179' title='bbox 1642 1700 1878 1740; x_wconf 85' lang='lat' dir='ltr'><strong>Hebraeos</strong></span> <span class='ocrx_word' id='word_1_180' title='bbox 1925 1700 2097 1751; x_wconf 90' lang='lat' dir='ltr'><strong>(carens</strong></span> <span class='ocrx_word' id='word_1_181' title='bbox 2143 1700 2262 1749; x_wconf 90' lang='lat' dir='ltr'><strong>fine).</strong></span> 
     </span>
    </p>

    <p class='ocr_par' dir='ltr' id='par_1_11' title="bbox 397 1757 2262 1927">
     <span class='ocr_line' id='line_1_23' title="bbox 536 1757 2261 1810; baseline 0 -12"><span class='ocrx_word' id='word_1_182' title='bbox 536 1759 561 1799; x_wconf 85' lang='lat' dir='ltr'><strong>f.</strong></span> <span class='ocrx_word' id='word_1_183' title='bbox 602 1760 644 1798; x_wconf 83' lang='lat' dir='ltr'><strong>1a</strong></span> <span class='ocrx_word' id='word_1_184' title='bbox 677 1759 887 1809; x_wconf 86' lang='lat' dir='ltr'><strong>(anepigr.)</strong></span> <span class='ocrx_word' id='word_1_185' title='bbox 932 1758 1241 1799; x_wconf 89' lang='lat' dir='ltr'><strong>»Considerate</strong></span> <span class='ocrx_word' id='word_1_186' title='bbox 1288 1759 1535 1810; x_wconf 90' lang='lat' dir='ltr'><strong>apostolum</strong></span> <span class='ocrx_word' id='word_1_187' title='bbox 1583 1762 1625 1797; x_wconf 91' lang='lat' dir='ltr'><strong>et</strong></span> <span class='ocrx_word' id='word_1_188' title='bbox 1671 1757 1921 1809; x_wconf 90' lang='lat' dir='ltr'><strong>pontificem</strong></span> <span class='ocrx_word' id='word_1_189' title='bbox 1968 1758 2261 1798; x_wconf 86' lang='lat' dir='ltr'><strong>confessionis</strong></span> 
     </span>
     <span class='ocr_line' id='line_1_24' title="bbox 397 1815 2262 1866; baseline -0.001 -9"><span class='ocrx_word' id='word_1_190' title='bbox 397 1821 544 1857; x_wconf 88' lang='lat' dir='ltr'><strong>nostre</strong></span> <span class='ocrx_word' id='word_1_191' title='bbox 575 1817 751 1856; x_wconf 87' lang='lat' dir='ltr'><strong>Jesum«</strong></span> <span class='ocrx_word' id='word_1_192' title='bbox 788 1818 832 1856; x_wconf 94' lang='grc'><strong>&gt;&lt;</strong></span> <span class='ocrx_word' id='word_1_193' title='bbox 863 1817 889 1857; x_wconf 87' lang='lat' dir='ltr'><strong>f.</strong></span> <span class='ocrx_word' id='word_1_194' title='bbox 922 1815 1030 1857; x_wconf 85' lang='lat' dir='ltr'><strong>380b</strong></span> <span class='ocrx_word' id='word_1_195' title='bbox 1062 1819 1221 1866; x_wconf 85' lang='lat' dir='ltr'><strong>(expon.</strong></span> <span class='ocrx_word' id='word_1_196' title='bbox 1253 1818 1353 1863; x_wconf 87' lang='lat' dir='ltr'>XIII,</span> <span class='ocrx_word' id='word_1_197' title='bbox 1394 1819 1461 1865; x_wconf 89' lang='grc'><strong>16)</strong></span> <span class='ocrx_word' id='word_1_198' title='bbox 1517 1815 1597 1855; x_wconf 80' lang='lat' dir='ltr'><strong>»da</strong></span> <span class='ocrx_word' id='word_1_199' title='bbox 1636 1816 1902 1854; x_wconf 87' lang='lat' dir='ltr'><strong>misericordi</strong></span> <span class='ocrx_word' id='word_1_200' title='bbox 1945 1819 1987 1855; x_wconf 91' lang='lat' dir='ltr'><strong>et</strong></span> <span class='ocrx_word' id='word_1_201' title='bbox 2028 1828 2082 1855; x_wconf 92' lang='lat' dir='ltr'><strong>ne</strong></span> <span class='ocrx_word' id='word_1_202' title='bbox 2125 1819 2262 1856; x_wconf 88' lang='lat' dir='ltr'><strong>susci·</strong></span> 
     </span>
     <span class='ocr_line' id='line_1_25' title="bbox 397 1872 2037 1927; baseline -0.001 -13"><span class='ocrx_word' id='word_1_203' title='bbox 397 1878 491 1927; x_wconf 91' lang='lat' dir='ltr'><strong>pias</strong></span> <span class='ocrx_word' id='word_1_204' title='bbox 523 1878 823 1926; x_wconf 87' lang='lat' dir='ltr'><strong>peccatorem«</strong></span> <span class='ocrx_word' id='word_1_205' title='bbox 860 1878 1020 1926; x_wconf 87' lang='lat' dir='ltr'><strong>(cetera</strong></span> <span class='ocrx_word' id='word_1_206' title='bbox 1052 1875 1223 1922; x_wconf 89' lang='lat' dir='ltr'><strong>desunt,</strong></span> <span class='ocrx_word' id='word_1_207' title='bbox 1258 1875 1419 1914; x_wconf 88' lang='lat' dir='ltr'><strong>scilicet</strong></span> <span class='ocrx_word' id='word_1_208' title='bbox 1450 1876 1663 1925; x_wconf 86' lang='lat' dir='ltr'><strong>expositio</strong></span> <span class='ocrx_word' id='word_1_209' title='bbox 1695 1872 1800 1921; x_wconf 84' lang='lat' dir='ltr'>XIII,</span> <span class='ocrx_word' id='word_1_210' title='bbox 1841 1873 2037 1921; x_wconf 82' lang='lat'><strong>17—25).</strong></span> 
     </span>
    </p>

    <p class='ocr_par' dir='ltr' id='par_1_12' title="bbox 536 1932 2032 1982">
     <span class='ocr_line' id='line_1_26' title="bbox 536 1932 2032 1982; baseline -0.001 -12"><span class='ocrx_word' id='word_1_211' title='bbox 536 1935 738 1982; x_wconf 88' lang='lat' dir='ltr'><strong>Operculis</strong></span> <span class='ocrx_word' id='word_1_212' title='bbox 770 1935 942 1981; x_wconf 87' lang='lat' dir='ltr'><strong>adligata</strong></span> <span class='ocrx_word' id='word_1_213' title='bbox 973 1939 1065 1971; x_wconf 88' lang='lat' dir='ltr'><strong>sunt</strong></span> <span class='ocrx_word' id='word_1_214' title='bbox 1096 1935 1310 1981; x_wconf 86' lang='lat' dir='ltr'><strong>fragmenta</strong></span> <span class='ocrx_word' id='word_1_215' title='bbox 1341 1935 1552 1972; x_wconf 88' lang='lat' dir='ltr'><strong>membran.</strong></span> <span class='ocrx_word' id='word_1_216' title='bbox 1586 1933 1759 1969; x_wconf 88' lang='lat' dir='ltr'><strong>Psalterii</strong></span> <span class='ocrx_word' id='word_1_217' title='bbox 1793 1943 1895 1970; x_wconf 87' lang='lat' dir='ltr'><strong>saec.</strong></span> <span class='ocrx_word' id='word_1_218' title='bbox 1928 1932 2032 1969; x_wconf 91' lang='lat' dir='ltr'>XIV.</span> 
     </span>
    </p>
   </div>
   <div class='ocr_carea' id='block_1_6' title="bbox 537 2046 1678 2099">
    <p class='ocr_par' dir='ltr' id='par_1_13' title="bbox 537 2046 1678 2099">
     <span class='ocr_line' id='line_1_27' title="bbox 537 2046 1678 2099; baseline -0.011 0"><span class='ocrx_word' id='word_1_219' title='bbox 537 2046 630 2099; x_wconf 86' lang='grc'><strong>516</strong></span> <span class='ocrx_word' id='word_1_220' title='bbox 1005 2046 1100 2095; x_wconf 92' lang='lat' dir='ltr'>III.</span> <span class='ocrx_word' id='word_1_221' title='bbox 1140 2046 1193 2094; x_wconf 83' lang='lat' dir='ltr'><strong>F.</strong></span> <span class='ocrx_word' id='word_1_222' title='bbox 1231 2046 1312 2094; x_wconf 76' lang='lat'><strong>13.</strong></span> <span class='ocrx_word' id='word_1_223' title='bbox 1351 2056 1410 2098; x_wconf 86' lang='lat' dir='ltr'><strong>(Y.</strong></span> <span class='ocrx_word' id='word_1_224' title='bbox 1436 2057 1462 2089; x_wconf 85' lang='lat' dir='ltr'><strong>J.</strong></span> <span class='ocrx_word' id='word_1_225' title='bbox 1493 2057 1521 2089; x_wconf 87' lang='lat'><strong>1.</strong></span> <span class='ocrx_word' id='word_1_226' title='bbox 1548 2067 1582 2089; x_wconf 81' lang='lat' dir='ltr'><strong>n.</strong></span> <span class='ocrx_word' id='word_1_227' title='bbox 1608 2057 1678 2098; x_wconf 82' lang='lat'><strong>71.)</strong></span> 
     </span>
    </p>
   </div>
   <div class='ocr_carea' id='block_1_7' title="bbox 400 2138 1510 2190">
    <p class='ocr_par' dir='ltr' id='par_1_14' title="bbox 400 2138 1510 2190">
     <span class='ocr_line' id='line_1_28' title="bbox 400 2138 1510 2190; baseline -0.002 -10"><span class='ocrx_word' id='word_1_228' title='bbox 400 2140 543 2180; x_wconf 85' lang='lat' dir='ltr'><strong>chart.</strong></span> <span class='ocrx_word' id='word_1_229' title='bbox 574 2150 689 2180; x_wconf 87' lang='lat' dir='ltr'><strong>saec.</strong></span> <span class='ocrx_word' id='word_1_230' title='bbox 722 2138 814 2178; x_wconf 92' lang='lat' dir='ltr'><strong>XV</strong></span> <span class='ocrx_word' id='word_1_231' title='bbox 827 2138 893 2190; x_wconf 92' lang='lat' dir='ltr'><strong>ff.</strong></span> <span class='ocrx_word' id='word_1_232' title='bbox 924 2139 1024 2188; x_wconf 83' lang='lat'><strong>357,</strong></span> <span class='ocrx_word' id='word_1_233' title='bbox 1055 2139 1248 2179; x_wconf 82' lang='lat'><strong>22&gt;&lt;15</strong></span> <span class='ocrx_word' id='word_1_234' title='bbox 1276 2150 1358 2178; x_wconf 82' lang='lat' dir='ltr'><strong>cm.</strong></span> <span class='ocrx_word' id='word_1_235' title='bbox 1391 2139 1415 2178; x_wconf 90' lang='lat'><strong><em>1</em></strong></span> <span class='ocrx_word' id='word_1_236' title='bbox 1451 2150 1510 2178; x_wconf 82' lang='lat' dir='ltr'><strong>m.</strong></span> 
     </span>
    </p>
   </div>
   <div class='ocr_carea' id='block_1_8' title="bbox 399 2218 2264 2502">
    <p class='ocr_par' dir='ltr' id='par_1_15' title="bbox 683 2218 1986 2271">
     <span class='ocr_line' id='line_1_29' title="bbox 683 2218 1986 2271; baseline -0.002 -11"><span class='ocrx_word' id='word_1_237' title='bbox 683 2219 863 2260; x_wconf 90' lang='lat' dir='ltr'><strong>Nicolai</strong></span> <span class='ocrx_word' id='word_1_238' title='bbox 895 2220 950 2260; x_wconf 90' lang='lat' dir='ltr'><strong>de</strong></span> <span class='ocrx_word' id='word_1_239' title='bbox 981 2219 1103 2271; x_wconf 88' lang='lat' dir='ltr'><strong>Lyra</strong></span> <span class='ocrx_word' id='word_1_240' title='bbox 1134 2218 1305 2259; x_wconf 87' lang='lat' dir='ltr'><strong>Glossa</strong></span> <span class='ocrx_word' id='word_1_241' title='bbox 1335 2230 1475 2270; x_wconf 89' lang='lat' dir='ltr'><strong>super</strong></span> <span class='ocrx_word' id='word_1_242' title='bbox 1506 2222 1704 2270; x_wconf 89' lang='lat' dir='ltr'><strong>quatuor</strong></span> <span class='ocrx_word' id='word_1_243' title='bbox 1734 2219 1986 2270; x_wconf 86' lang='lat' dir='ltr'><strong>evangelia.</strong></span> 
     </span>
    </p>

    <p class='ocr_par' dir='ltr' id='par_1_16' title="bbox 399 2276 2264 2502">
     <span class='ocr_line' id='line_1_30' title="bbox 536 2276 2262 2329; baseline 0 -13"><span class='ocrx_word' id='word_1_244' title='bbox 536 2278 565 2317; x_wconf 84' lang='lat' dir='ltr'><strong>f.</strong></span> <span class='ocrx_word' id='word_1_245' title='bbox 602 2279 615 2316; x_wconf 93' lang='lat'>1</span> <span class='ocrx_word' id='word_1_246' title='bbox 654 2280 814 2326; x_wconf 86' lang='lat' dir='ltr'><strong>(recent.</strong></span> <span class='ocrx_word' id='word_1_247' title='bbox 848 2281 985 2326; x_wconf 87' lang='lat' dir='ltr'><strong>manu)</strong></span> <span class='ocrx_word' id='word_1_248' title='bbox 1021 2277 1245 2329; x_wconf 75' lang='lat' dir='ltr'><strong>»Quatuor</strong></span> <span class='ocrx_word' id='word_1_249' title='bbox 1275 2277 1409 2317; x_wconf 84' lang='lat' dir='ltr'><strong>facies</strong></span> <span class='ocrx_word' id='word_1_250' title='bbox 1440 2280 1539 2316; x_wconf 83' lang='lat' dir='ltr'><strong>uni«</strong></span> <span class='ocrx_word' id='word_1_251' title='bbox 1576 2278 1618 2314; x_wconf 86' lang='lat'><strong>&gt;&lt;</strong></span> <span class='ocrx_word' id='word_1_252' title='bbox 1650 2276 1675 2316; x_wconf 87' lang='lat' dir='ltr'><strong>f.</strong></span> <span class='ocrx_word' id='word_1_253' title='bbox 1710 2276 1817 2316; x_wconf 78' lang='lat' dir='ltr'><strong>352a</strong></span> <span class='ocrx_word' id='word_1_254' title='bbox 1853 2277 1934 2316; x_wconf 87' lang='lat' dir='ltr'><strong>»ad</strong></span> <span class='ocrx_word' id='word_1_255' title='bbox 1965 2277 2262 2328; x_wconf 89' lang='lat' dir='ltr'><strong>contemplan-</strong></span> 
     </span>
     <span class='ocr_line' id='line_1_31' title="bbox 399 2334 2264 2386; baseline -0.001 -11"><span class='ocrx_word' id='word_1_256' title='bbox 399 2336 503 2375; x_wconf 88' lang='lat' dir='ltr'><strong>dum</strong></span> <span class='ocrx_word' id='word_1_257' title='bbox 536 2346 636 2375; x_wconf 89' lang='lat' dir='ltr'><strong>eum</strong></span> <span class='ocrx_word' id='word_1_258' title='bbox 668 2335 776 2375; x_wconf 88' lang='lat' dir='ltr'><strong>facie</strong></span> <span class='ocrx_word' id='word_1_259' title='bbox 808 2336 863 2374; x_wconf 92' lang='lat' dir='ltr'><strong>ad</strong></span> <span class='ocrx_word' id='word_1_260' title='bbox 896 2335 1051 2375; x_wconf 87' lang='lat' dir='ltr'><strong>faciem</strong></span> <span class='ocrx_word' id='word_1_261' title='bbox 1084 2339 1303 2386; x_wconf 84' lang='lat' dir='ltr'><strong>prestante</strong></span> <span class='ocrx_word' id='word_1_262' title='bbox 1336 2338 1414 2374; x_wconf 89' lang='lat' dir='ltr'><strong>etc.</strong></span> <span class='ocrx_word' id='word_1_263' title='bbox 1448 2337 1590 2383; x_wconf 90' lang='lat' dir='ltr'><strong>(rubr.)</strong></span> <span class='ocrx_word' id='word_1_264' title='bbox 1630 2334 1813 2385; x_wconf 81' lang='lat' dir='ltr'><strong>ExpliCIt</strong></span> <span class='ocrx_word' id='word_1_265' title='bbox 1858 2335 1986 2385; x_wconf 87' lang='lat' dir='ltr'><strong>gloza</strong></span> <span class='ocrx_word' id='word_1_266' title='bbox 2018 2334 2109 2374; x_wconf 91' lang='lat' dir='ltr'><strong>Lire</strong></span> <span class='ocrx_word' id='word_1_267' title='bbox 2132 2345 2264 2386; x_wconf 87' lang='lat' dir='ltr'><strong>super</strong></span> 
     </span>
     <span class='ocr_line' id='line_1_32' title="bbox 399 2392 2263 2445; baseline -0.001 -13"><span class='ocrx_word' id='word_1_268' title='bbox 399 2397 585 2445; x_wconf 89' lang='lat' dir='ltr'><strong>quatuor</strong></span> <span class='ocrx_word' id='word_1_269' title='bbox 615 2394 906 2444; x_wconf 82' lang='lat' dir='ltr'><strong>evangelistas</strong></span> <span class='ocrx_word' id='word_1_270' title='bbox 939 2405 1015 2444; x_wconf 87' lang='lat' dir='ltr'><strong>per</strong></span> <span class='ocrx_word' id='word_1_271' title='bbox 1045 2404 1204 2432; x_wconf 89' lang='lat' dir='ltr'><strong>manus</strong></span> <span class='ocrx_word' id='word_1_272' title='bbox 1237 2395 1451 2443; x_wconf 89' lang='lat' dir='ltr'><strong>pauperis.</strong></span> <span class='ocrx_word' id='word_1_273' title='bbox 1515 2392 1629 2431; x_wconf 88' lang='lat' dir='ltr'><strong>Pane</strong></span> <span class='ocrx_word' id='word_1_274' title='bbox 1662 2393 1786 2431; x_wconf 87' lang='lat' dir='ltr'><strong>bozie</strong></span> <span class='ocrx_word' id='word_1_275' title='bbox 1821 2392 1952 2443; x_wconf 87' lang='lat' dir='ltr'><strong>dieky</strong></span> <span class='ocrx_word' id='word_1_276' title='bbox 1982 2392 2263 2444; x_wconf 85' lang='lat' dir='ltr'><strong>wzdawamy</strong></span> 
     </span>
     <span class='ocr_line' id='line_1_33' title="bbox 399 2446 2263 2502; baseline -0.001 -12"><span class='ocrx_word' id='word_1_277' title='bbox 399 2455 516 2502; x_wconf 87' lang='lat' dir='ltr'><strong>twey</strong></span> <span class='ocrx_word' id='word_1_278' title='bbox 548 2454 719 2502; x_wconf 85' lang='lat' dir='ltr'><strong>swatey</strong></span> <span class='ocrx_word' id='word_1_279' title='bbox 750 2452 921 2498; x_wconf 84' lang='lat' dir='ltr'><strong>milosti,</strong></span> <span class='ocrx_word' id='word_1_280' title='bbox 954 2451 1038 2490; x_wconf 89' lang='lat' dir='ltr'><strong>neb</strong></span> <span class='ocrx_word' id='word_1_281' title='bbox 1072 2462 1126 2501; x_wconf 89' lang='lat' dir='ltr'><strong>sy</strong></span> <span class='ocrx_word' id='word_1_282' title='bbox 1157 2450 1227 2489; x_wconf 89' lang='lat' dir='ltr'><strong>dal</strong></span> <span class='ocrx_word' id='word_1_283' title='bbox 1259 2450 1398 2501; x_wconf 91' lang='lat' dir='ltr'><strong>dobry</strong></span> <span class='ocrx_word' id='word_1_284' title='bbox 1415 2450 1624 2489; x_wconf 82' lang='lat' dir='ltr'><strong>konecz«.</strong></span> <span class='ocrx_word' id='word_1_285' title='bbox 1661 2448 1862 2500; x_wconf 83' lang='lat' dir='ltr'><strong>Sequitur</strong></span> <span class='ocrx_word' id='word_1_286' title='bbox 1892 2450 1938 2498; x_wconf 88' lang='lat' dir='ltr'><strong>(f.</strong></span> <span class='ocrx_word' id='word_1_287' title='bbox 1970 2446 2263 2498; x_wconf 77' lang='lat' dir='ltr'><strong>352b—356b)</strong></span> 
     </span>
    </p>
   </div>
   <div class='ocr_carea' id='block_1_9' title="bbox 404 2506 2323 2560">
    <p class='ocr_par' dir='ltr' id='par_1_17' title="bbox 404 2506 2323 2560">
     <span class='ocr_line' id='line_1_34' title="bbox 404 2506 2323 2560; baseline 0 -13"><span class='ocrx_word' id='word_1_288' title='bbox 404 2512 656 2559; x_wconf 82' lang='lat' dir='ltr'><strong>»registrum</strong></span> <span class='ocrx_word' id='word_1_289' title='bbox 690 2519 821 2560; x_wconf 90' lang='lat' dir='ltr'><strong>super</strong></span> <span class='ocrx_word' id='word_1_290' title='bbox 852 2519 1008 2548; x_wconf 90' lang='lat' dir='ltr'><strong>omnes</strong></span> <span class='ocrx_word' id='word_1_291' title='bbox 1051 2511 1236 2559; x_wconf 90' lang='lat' dir='ltr'><strong>quatuor</strong></span> <span class='ocrx_word' id='word_1_292' title='bbox 1281 2509 1573 2558; x_wconf 86' lang='lat' dir='ltr'><strong>evangelistas</strong></span> <span class='ocrx_word' id='word_1_293' title='bbox 1606 2508 1717 2546; x_wconf 85' lang='lat' dir='ltr'><strong>utile.</strong></span> <span class='ocrx_word' id='word_1_294' title='bbox 1766 2506 1980 2559; x_wconf 90' lang='lat' dir='ltr'><strong>Przybyk</strong></span> <span class='ocrx_word' id='word_1_295' title='bbox 2011 2511 2258 2547; x_wconf 87' lang='lat' dir='ltr'><strong>nestatecz‹</strong></span> <span class='ocrx_word' id='word_1_296' title='bbox 2314 2551 2323 2555; x_wconf 16' lang='grc' dir='ltr'><em>ὅ</em></span> 
     </span>
    </p>
   </div>
   <div class='ocr_carea' id='block_1_10' title="bbox 398 2563 2260 2730">
    <p class='ocr_par' dir='ltr' id='par_1_18' title="bbox 398 2563 2260 2730">
     <span class='ocr_line' id='line_1_35' title="bbox 398 2563 1660 2618; baseline 0 -12"><span class='ocrx_word' id='word_1_297' title='bbox 398 2570 510 2618; x_wconf 88' lang='lat' dir='ltr'><strong>(sic).</strong></span> <span class='ocrx_word' id='word_1_298' title='bbox 546 2566 696 2606; x_wconf 84' lang='lat' dir='ltr'><strong>Scriba</strong></span> <span class='ocrx_word' id='word_1_299' title='bbox 727 2569 768 2605; x_wconf 92' lang='lat' dir='ltr'><strong>in</strong></span> <span class='ocrx_word' id='word_1_300' title='bbox 801 2566 827 2605; x_wconf 90' lang='lat' dir='ltr'><strong>f.</strong></span> <span class='ocrx_word' id='word_1_301' title='bbox 867 2563 968 2605; x_wconf 87' lang='lat' dir='ltr'><strong>137b</strong></span> <span class='ocrx_word' id='word_1_302' title='bbox 1001 2566 1306 2604; x_wconf 87' lang='lat' dir='ltr'><strong>subscribitur:</strong></span> <span class='ocrx_word' id='word_1_303' title='bbox 1342 2564 1660 2617; x_wconf 84' lang='lat' dir='ltr'><strong>»Przybysla«.</strong></span> 
     </span>
     <span class='ocr_line' id='line_1_36' title="bbox 537 2621 1774 2664; baseline -0.002 0"><span class='ocrx_word' id='word_1_304' title='bbox 537 2624 563 2664; x_wconf 86' lang='lat' dir='ltr'><strong>f.</strong></span> <span class='ocrx_word' id='word_1_305' title='bbox 596 2621 703 2663; x_wconf 71' lang='lat'><strong>3571&gt;</strong></span> <span class='ocrx_word' id='word_1_306' title='bbox 734 2622 846 2663; x_wconf 87' lang='lat' dir='ltr'><strong>Nota</strong></span> <span class='ocrx_word' id='word_1_307' title='bbox 877 2624 1106 2663; x_wconf 87' lang='lat' dir='ltr'><strong>bohemica</strong></span> <span class='ocrx_word' id='word_1_308' title='bbox 1137 2623 1190 2662; x_wconf 91' lang='lat' dir='ltr'><strong>de</strong></span> <span class='ocrx_word' id='word_1_309' title='bbox 1222 2626 1528 2663; x_wconf 89' lang='lat' dir='ltr'><strong>communione</strong></span> <span class='ocrx_word' id='word_1_310' title='bbox 1561 2623 1644 2661; x_wconf 89' lang='lat' dir='ltr'><strong>sub</strong></span> <span class='ocrx_word' id='word_1_311' title='bbox 1676 2634 1774 2662; x_wconf 85' lang='lat' dir='ltr'><strong>una.</strong></span> 
     </span>
     <span class='ocr_line' id='line_1_37' title="bbox 538 2682 2260 2730; baseline -0.001 -11"><span class='ocrx_word' id='word_1_312' title='bbox 538 2684 740 2730; x_wconf 88' lang='lat' dir='ltr'><strong>Operculis</strong></span> <span class='ocrx_word' id='word_1_313' title='bbox 772 2684 943 2730; x_wconf 87' lang='lat' dir='ltr'><strong>adligata</strong></span> <span class='ocrx_word' id='word_1_314' title='bbox 974 2687 1065 2719; x_wconf 87' lang='lat' dir='ltr'><strong>sunt</strong></span> <span class='ocrx_word' id='word_1_315' title='bbox 1096 2683 1309 2729; x_wconf 86' lang='lat' dir='ltr'><strong>fragmenta</strong></span> <span class='ocrx_word' id='word_1_316' title='bbox 1330 2684 1487 2719; x_wconf 89' lang='lat' dir='ltr'><strong>membr.</strong></span> <span class='ocrx_word' id='word_1_317' title='bbox 1522 2683 1670 2718; x_wconf 87' lang='lat' dir='ltr'><strong>codicis</strong></span> <span class='ocrx_word' id='word_1_318' title='bbox 1693 2682 1897 2719; x_wconf 85' lang='lat' dir='ltr'><strong>cuiusdam</strong></span> <span class='ocrx_word' id='word_1_319' title='bbox 1922 2684 2104 2719; x_wconf 86' lang='lat' dir='ltr'><strong>hebraici.</strong></span> <span class='ocrx_word' id='word_1_320' title='bbox 2137 2682 2260 2718; x_wconf 89' lang='lat' dir='ltr'><strong>Vetus</strong></span> 
     </span>
    </p>
   </div>
   <div class='ocr_carea' id='block_1_11' title="bbox 398 2742 672 2787">
    <p class='ocr_par' dir='ltr' id='par_1_19' title="bbox 398 2742 672 2787">
     <span class='ocr_line' id='line_1_38' title="bbox 398 2742 672 2787; baseline -0.004 -9"><span class='ocrx_word' id='word_1_321' title='bbox 398 2742 498 2787; x_wconf 84' lang='lat' dir='ltr'><strong>sign.</strong></span> <span class='ocrx_word' id='word_1_322' title='bbox 532 2742 571 2787; x_wconf 88' lang='lat' dir='ltr'><strong>S,</strong></span> <span class='ocrx_word' id='word_1_323' title='bbox 607 2742 672 2778; x_wconf 87' lang='lat'><strong>22.</strong></span> 
     </span>
    </p>
   </div>
   <div class='ocr_carea' id='block_1_12' title="bbox 537 2852 1662 2905">
    <p class='ocr_par' dir='ltr' id='par_1_20' title="bbox 537 2852 1662 2905">
     <span class='ocr_line' id='line_1_39' title="bbox 537 2852 1662 2905; baseline -0.01 0"><span class='ocrx_word' id='word_1_324' title='bbox 537 2853 629 2905; x_wconf 89' lang='grc'><strong>517</strong></span> <span class='ocrx_word' id='word_1_325' title='bbox 1000 2852 1094 2901; x_wconf 89' lang='lat' dir='ltr'><strong>III.</strong></span> <span class='ocrx_word' id='word_1_326' title='bbox 1132 2852 1186 2900; x_wconf 89' lang='lat' dir='ltr'><strong>F.</strong></span> <span class='ocrx_word' id='word_1_327' title='bbox 1223 2852 1304 2900; x_wconf 74' lang='lat'><strong>14.</strong></span> <span class='ocrx_word' id='word_1_328' title='bbox 1332 2862 1390 2904; x_wconf 89' lang='lat' dir='ltr'><strong>(Y.</strong></span> <span class='ocrx_word' id='word_1_329' title='bbox 1416 2862 1443 2894; x_wconf 83' lang='lat' dir='ltr'><strong>J.</strong></span> <span class='ocrx_word' id='word_1_330' title='bbox 1473 2863 1503 2896; x_wconf 91' lang='lat'><strong>1.</strong></span> <span class='ocrx_word' id='word_1_331' title='bbox 1529 2873 1563 2896; x_wconf 84' lang='lat' dir='ltr'><strong>n.</strong></span> <span class='ocrx_word' id='word_1_332' title='bbox 1591 2863 1662 2902; x_wconf 85' lang='lat'><strong>60.)</strong></span> 
     </span>
    </p>
   </div>
   <div class='ocr_carea' id='block_1_13' title="bbox 398 2943 1690 2998">
    <p class='ocr_par' dir='ltr' id='par_1_21' title="bbox 398 2943 1690 2998">
     <span class='ocr_line' id='line_1_40' title="bbox 398 2943 1690 2998; baseline -0.002 -12"><span class='ocrx_word' id='word_1_333' title='bbox 398 2947 541 2987; x_wconf 81' lang='lat' dir='ltr'><strong>chart.</strong></span> <span class='ocrx_word' id='word_1_334' title='bbox 584 2958 698 2986; x_wconf 80' lang='lat' dir='ltr'><strong>saec.</strong></span> <span class='ocrx_word' id='word_1_335' title='bbox 730 2943 927 2985; x_wconf 89' lang='lat' dir='ltr'><em>XV——X</em></span> <span class='ocrx_word' id='word_1_336' title='bbox 930 2945 994 2985; x_wconf 93' lang='lat' dir='ltr'><strong>VI</strong></span> <span class='ocrx_word' id='word_1_337' title='bbox 1013 2945 1068 2998; x_wconf 89' lang='lat' dir='ltr'><strong>ff.</strong></span> <span class='ocrx_word' id='word_1_338' title='bbox 1090 2945 1188 2993; x_wconf 83' lang='lat'><strong>405,</strong></span> <span class='ocrx_word' id='word_1_339' title='bbox 1221 2945 1272 2984; x_wconf 82' lang='lat'><strong>21</strong></span> <span class='ocrx_word' id='word_1_340' title='bbox 1295 2944 1412 2984; x_wconf 82' lang='lat'><em>&gt;&lt;16</em></span> <span class='ocrx_word' id='word_1_341' title='bbox 1442 2956 1526 2984; x_wconf 87' lang='lat' dir='ltr'><strong>cm.</strong></span> <span class='ocrx_word' id='word_1_342' title='bbox 1559 2945 1598 2984; x_wconf 86' lang='lat' dir='ltr'><strong>d.</strong></span> <span class='ocrx_word' id='word_1_343' title='bbox 1632 2957 1690 2984; x_wconf 84' lang='lat' dir='ltr'><strong>m.</strong></span> 
     </span>
    </p>
   </div>
   <div class='ocr_carea' id='block_1_14' title="bbox 399 3022 2261 3306">
    <p class='ocr_par' dir='ltr' id='par_1_22' title="bbox 399 3022 2261 3306">
     <span class='ocr_line' id='line_1_41' title="bbox 399 3022 2261 3076; baseline -0.002 -9"><span class='ocrx_word' id='word_1_344' title='bbox 399 3026 775 3067; x_wconf 88' lang='lat' dir='ltr'><strong>Commentarius</strong></span> <span class='ocrx_word' id='word_1_345' title='bbox 806 3026 854 3065; x_wconf 89' lang='lat' dir='ltr'><strong>in</strong></span> <span class='ocrx_word' id='word_1_346' title='bbox 884 3025 1093 3076; x_wconf 87' lang='lat' dir='ltr'><strong>psalmos</strong></span> <span class='ocrx_word' id='word_1_347' title='bbox 1115 3025 1308 3065; x_wconf 90' lang='lat' dir='ltr'><strong>secundi</strong></span> <span class='ocrx_word' id='word_1_348' title='bbox 1334 3027 1379 3064; x_wconf 90' lang='lat' dir='ltr'><strong>et</strong></span> <span class='ocrx_word' id='word_1_349' title='bbox 1398 3024 1523 3064; x_wconf 88' lang='lat' dir='ltr'><strong>tertii</strong></span> <span class='ocrx_word' id='word_1_350' title='bbox 1546 3025 1763 3064; x_wconf 89' lang='lat' dir='ltr'><strong>nocturni</strong></span> <span class='ocrx_word' id='word_1_351' title='bbox 1785 3023 1979 3076; x_wconf 82' lang='lat'><strong>(26—37</strong></span> <span class='ocrx_word' id='word_1_352' title='bbox 2002 3027 2048 3065; x_wconf 88' lang='lat' dir='ltr'><strong>et</strong></span> <span class='ocrx_word' id='word_1_353' title='bbox 2069 3022 2261 3076; x_wconf 82' lang='lat'>38—51)</span> 
     </span>
     <span class='ocr_line' id='line_1_42' title="bbox 892 3082 1767 3134; baseline -0.001 -11"><span class='ocrx_word' id='word_1_354' title='bbox 892 3095 997 3123; x_wconf 94' lang='lat' dir='ltr'><strong>cum</strong></span> <span class='ocrx_word' id='word_1_355' title='bbox 1028 3082 1238 3134; x_wconf 89' lang='lat' dir='ltr'><strong>registris</strong></span> <span class='ocrx_word' id='word_1_356' title='bbox 1269 3093 1423 3122; x_wconf 89' lang='lat' dir='ltr'><strong>rerum</strong></span> <span class='ocrx_word' id='word_1_357' title='bbox 1454 3082 1767 3132; x_wconf 86' lang='lat' dir='ltr'><strong>alphabeticis.</strong></span> 
     </span>
     <span class='ocr_line' id='line_1_43' title="bbox 538 3137 2261 3191; baseline -0.001 -12"><span class='ocrx_word' id='word_1_358' title='bbox 538 3141 564 3180; x_wconf 88' lang='lat' dir='ltr'><strong>f.</strong></span> <span class='ocrx_word' id='word_1_359' title='bbox 604 3142 646 3179; x_wconf 69' lang='lat' dir='ltr'><strong>la</strong></span> <span class='ocrx_word' id='word_1_360' title='bbox 683 3141 907 3180; x_wconf 84' lang='lat' dir='ltr'><strong>»Psalmus</strong></span> <span class='ocrx_word' id='word_1_361' title='bbox 953 3140 1021 3180; x_wconf 82' lang='lat'><strong>26.</strong></span> <span class='ocrx_word' id='word_1_362' title='bbox 1070 3140 1164 3180; x_wconf 91' lang='lat' dir='ltr'><strong>Vite</strong></span> <span class='ocrx_word' id='word_1_363' title='bbox 1197 3141 1402 3191; x_wconf 86' lang='lat' dir='ltr'><strong>regulam,</strong></span> <span class='ocrx_word' id='word_1_364' title='bbox 1436 3151 1568 3191; x_wconf 93' lang='lat' dir='ltr'><strong>quam</strong></span> <span class='ocrx_word' id='word_1_365' title='bbox 1601 3141 1798 3191; x_wconf 91' lang='lat' dir='ltr'><strong>religiose</strong></span> <span class='ocrx_word' id='word_1_366' title='bbox 1831 3141 1983 3180; x_wconf 86' lang='lat' dir='ltr'><strong>nobis«</strong></span> <span class='ocrx_word' id='word_1_367' title='bbox 2019 3141 2062 3177; x_wconf 94' lang='grc'><strong>&gt;&lt;</strong></span> <span class='ocrx_word' id='word_1_368' title='bbox 2094 3140 2121 3180; x_wconf 87' lang='lat' dir='ltr'><strong>f.</strong></span> <span class='ocrx_word' id='word_1_369' title='bbox 2153 3137 2261 3179; x_wconf 83' lang='lat' dir='ltr'><strong>381b</strong></span> 
     </span>
     <span class='ocr_line' id='line_1_44' title="bbox 403 3196 2259 3248; baseline -0.001 -11"><span class='ocrx_word' id='word_1_370' title='bbox 403 3209 545 3237; x_wconf 82' lang='lat' dir='ltr'><strong>»nunc</strong></span> <span class='ocrx_word' id='word_1_371' title='bbox 578 3202 619 3237; x_wconf 87' lang='lat' dir='ltr'><strong>et</strong></span> <span class='ocrx_word' id='word_1_372' title='bbox 649 3201 690 3237; x_wconf 88' lang='lat' dir='ltr'><strong>in</strong></span> <span class='ocrx_word' id='word_1_373' title='bbox 723 3199 836 3237; x_wconf 93' lang='lat' dir='ltr'><strong>diem</strong></span> <span class='ocrx_word' id='word_1_374' title='bbox 869 3201 1115 3238; x_wconf 87' lang='lat' dir='ltr'><strong>eternitatis.</strong></span> <span class='ocrx_word' id='word_1_375' title='bbox 1148 3198 1300 3246; x_wconf 87' lang='lat' dir='ltr'><strong>(rubr.)</strong></span> <span class='ocrx_word' id='word_1_376' title='bbox 1331 3197 1385 3236; x_wconf 89' lang='lat' dir='ltr'><strong>Et</strong></span> <span class='ocrx_word' id='word_1_377' title='bbox 1416 3200 1478 3236; x_wconf 90' lang='lat' dir='ltr'><strong>sic</strong></span> <span class='ocrx_word' id='word_1_378' title='bbox 1510 3197 1610 3237; x_wconf 88' lang='lat' dir='ltr'><strong>finis</strong></span> <span class='ocrx_word' id='word_1_379' title='bbox 1642 3200 1757 3237; x_wconf 89' lang='lat' dir='ltr'><strong>tercii</strong></span> <span class='ocrx_word' id='word_1_380' title='bbox 1789 3201 2027 3237; x_wconf 83' lang='lat' dir='ltr'><strong>nocturni«.</strong></span> <span class='ocrx_word' id='word_1_381' title='bbox 2054 3196 2259 3248; x_wconf 87' lang='lat' dir='ltr'><strong>Sequitur</strong></span> 
     </span>
     <span class='ocr_line' id='line_1_45' title="bbox 400 3258 639 3306; baseline 0.004 -12"><span class='ocrx_word' id='word_1_382' title='bbox 400 3258 639 3306; x_wconf 88' lang='lat' dir='ltr'><strong>registrum.</strong></span> 
     </span>
    </p>
   </div>
   <div class='ocr_carea' id='block_1_15' title="bbox 1299 3403 1367 3435">
    <p class='ocr_par' dir='ltr' id='par_1_23' title="bbox 1299 3403 1367 3435">
     <span class='ocr_line' id='line_1_46' title="bbox 1299 3403 1367 3435; baseline 0 -1"><span class='ocrx_word' id='word_1_383' title='bbox 1299 3403 1367 3435; x_wconf 82' lang='lat'><strong>204</strong></span> 
     </span>
    </p>
   </div>
  </div>
 </body>
</html>
