2476 3782
1142 297 1256 360 441-

384 432 504 486 442
709 421 711 423 ’
854 434 948 483 JJJ.
989 411 1041 483 C.
1077 433 1157 482 11.
1197 444 1256 487 (r.
1283 445 1330 478 II.
1359 446 1388 477 1.
1474 400 1547 486 5525

245 531 390 572 chart.
422 541 538 571 saec.
571 529 645 570 XI
650 526 791 568 V———X
795 526 833 566 V
843 527 906 581 ff
938 526 1038 575 200,
1066 526 1183 567 30><
1200 526 1257 566 22
1287 538 1370 567 cm.
1403 527 1444 566 d.
1467 539 1527 567 m.

382 612 416 662 .f·
455 598 643 651 1—'14812
673 608 835 650 Jacobi
856 608 911 648 de
941 607 1172 658 Voragine
1203 607 1481 648 Sermonum
1503 608 1558 649 de
1575 608 1751 648 sanctis
1767 620 1876 659 pars
1894 609 2112 649 secunda.

243 669 418 720 (Sermo
448 668 464 709 1
495 672 538 709 in
570 679 709 708 coena
740 667 915 714 domini,
947 666 1124 705 ultimus
1156 665 1210 705 de
1243 677 1276 704 s.
1310 665 1509 714 Jacobo.)
1545 666 1752 717 »Explicit
1784 667 1980 706 secunda
2013 679 2113 718 pars

245 730 298 769 de
331 730 495 769 sanctis
527 726 676 766 Jacobi
709 725 762 764 d'e
793 722 1050 774 Voragine.«

388 787 414 826 f.
454 782 723 826 149²—2oo⁸
753 781 1002 834 (Johannis
1034 781 1089 821 de
1111 780 1358 831 Tambaco)
1375 780 1617 821 Tractatus
1641 781 1696 821 de
1718 779 1896 822 deliciis
1913 783 2117 832 paradisi

242 843 552 892 sensualibus,
584 841 768 883 oblatus
809 839 1038 880 Clementi
1079 849 1237 890 papae.
1276 839 1345 878 »In
1378 839 1539 878 deliciis
1572 840 1760 890 paradisi
1794 840 1860 878 dei
1893 840 2034 880 fuisti«
2071 842 2114 878 ><

247 902 389 944 »Finis
436 904 694 942 tractatuum
742 899 796 938 de
849 898 1128 938 sensualibus
1170 897 1333 936 deliciis
1380 897 1608 948 paradisi«
1663 897 1894 946 (Particula
1940 898 2114 938 inferior

241 962 376 1001 ultimi
407 959 493 1000 solii
525 958 727 998 abscissa
758 959 858 1005 est.)
890 955 955 995 De
987 959 1162 995 auctore
1194 967 1234 994 v.
1268 954 1450 995 Fabricii
1484 954 1588 994 Bibl.

378 1073 495 1127 443
844 1070 939 1120 III.
983 1069 1028 1119 C.
1067 1070 1147 1118 12.
1187 1080 1247 1122 (Y.
1273 1081 1319 1114 Η.
1348 1082 1378 1114 1.
1404 1090 1438 1113 n.
1463 1080 1536 1122 56.)
1619 1126 1622 1128 q

236 1168 381 1209 chart.
411 1160 528 1212 saec.
559 1164 675 1206 XIV
689 1163 754 1217 ff
786 1163 884 1212 112,
916 1163 1148 1204 29·5><22
1179 1175 1261 1204 cm.
1294 1163 1337 1203 d.
1369 1175 1428 1202 m.

378 1247 556 1289 Alberti
586 1247 642 1287 de
671 1246 829 1287 Padua
858 1245 1108 1286 Sermones
1140 1245 1195 1285 de
1227 1244 1416 1285 sanctis.

379 1318 407 1358 f.
445 1319 487 1358 la
520 1316 694 1366 (Sermo
726 1316 780 1355 de
813 1328 848 1355 S.
882 1315 1074 1364 Andrea)
1096 1314 1374 1354 »Ascendam
1406 1317 1448 1354 in
1482 1314 1696 1365 palmam«
1723 1316 1767 1352 ><
1789 1314 1816 1354 f.
1855 1315 1957 1354 112³
1988 1317 2109 1366 (post

234 1377 425 1418 tabulam
455 1379 759 1416 contentorum
806 1374 1164 1425 alphabeticamt)
1200 1372 1409 1423 »Explicit
1439 1373 1543 1412 liber
1584 1374 1807 1412 sollemnis
1840 1373 1893 1412 de
1927 1376 2106 1421 sanctis,

233 1438 307 1490 qui
347 1434 495 1476 finitus
538 1437 606 1473 est
647 1444 723 1484 per
769 1430 1100 1472 Guntherum.«
1134 1430 1380 1479 (Recentior
1412 1441 1569 1470 manus
1616 1431 1807 1470 addidit:
1855 1431 2015 1471 Alberti
2048 1431 2101 1471 de

234 1493 415 1541 Padua.)

374 1563 499 1600 Vetus
531 1564 630 1609 sign.
663 1562 750 1602 libr.
784 1561 914 1601 Carol.
946 1561 999 1607 M,
1035 1562 1100 1600 21,
1133 1561 1180 1600 K.

365 1675 491 1729 444
841 1675 937 1724 III.
979 1673 1027 1724 C.
1066 1674 1148 1723 13.
1188 1684 1248 1729 (Υ.
1274 1684 1319 1718 ΙΙ.
1348 1686 1378 1718 1.
1404 1695 1437 1717 n.
1462 1685 1534 1727 57.)

228 1771 372 1812 chart.
404 1782 449 1811 a.
478 1769 785 1823 1412—13ff.
817 1769 904 1809 273
934 1781 1057 1809 num.
1091 1766 1164 1823 Η-
1194 1768 1223 1808 2
1253 1780 1342 1808 non
1373 1767 1529 1821 num),
1558 1767 1677 1808 30><
1694 1768 1746 1808 21
1781 1780 1865 1808 cm.
1899 1768 1921 1808 I
1955 1780 2013 1807 m.

372 1851 400 1891 f.
448 1851 638 1891 1-176ει
679 1849 910 1903 (Hugonis
951 1849 1383 1901 Argentoratensis)
1425 1849 1763 1900 Compendium
1812 1850 2101 1901 theologicae

225 1909 452 1952 veritatis.
499 1909 652 1958 (Index
699 1911 842 1962 operis
890 1912 958 1948 est
987 1912 1030 1947 in
1062 1907 1087 1947 2
1119 1907 1191 1948 fol.
1225 1908 1586 1959 praecedentibus
1628 1919 1717 1948 non
1748 1919 1882 1955 num„
1916 1919 2099 1960 quorum

225 1972 269 2009 in
300 1969 432 2008 altero
479 1970 627 2015 etiam)
673 1966 847 2018 »Incipit
887 1967 1093 2018 prologus
1125 1977 1162 2005 c.
1195 1967 1254 2006 th.
1286 1977 1373 2005 ver.
1435 1965 1637 2006 Veritatis
1684 1966 1925 2017 theologice
1963 1966 2092 2005 subli-

224 2029 379 2067 mitas«
413 2026 458 2064 ><
493 2025 701 2077 »Explicit
741 2024 1049 2076 compendium
1082 2025 1140 2064 th.
1173 2035 1260 2063 ver.
1293 2035 1331 2063 a.
1365 2024 1404 2064 d.
1443 2023 1553 2063 1412
1584 2024 1769 2064 sabbato
1811 2027 1912 2075 post
1942 2024 2100 2064 Kathe-

183 2075 197 2088 ⁰
223 2087 328 2133 tine,
361 2089 403 2125 et
433 2087 535 2124 tunc
566 2083 646 2123 fuit
675 2094 863 2134 magnus
895 2086 1094 2122 ventus«

351 2149 395 2194 'f.
433 2149 701 2193 1762—1761’
733 2151 902 2191 Versus
935 2151 988 2191 de
1021 2155 1319 2192 sacramentis.
1354 2150 1584 2192 Orationes
1617 2152 1730 2191 duae
1764 2163 1798 2191 S.
1832 2152 2041 2191 Anselmi.

365 2221 395 2263 f.
434 2221 706 2262 1788--1971ι
737 2221 785 2262 Β.
817 2220 1009 2261 Eusebii
1041 2220 1240 2271 epistola
1270 2220 1327 2260 ad
1372 2219 1628 2261 Damasum
1658 2221 1970 2262 Portuensem
2002 2221 2094 2272 epi-

221 2291 419 2332 scopum
448 2283 496 2321 et
525 2280 583 2320 ad
603 2279 921 2320 Theodomum
953 2282 1220 2319 senatorem
1246 2278 1509 2319 Romanum
1540 2279 1596 2320 de
1627 2282 1777 2320 morte
1806 2278 2095 2331 Hieronymi.

365 2349 393 2390 f.
431 2348 700 2390 19721-—201a
722 2349 766 2389 S.
783 2348 1034 2400 Augustini
1055 2348 1113 2389 ad
1134 2349 1175 2388 b.
1199 2347 1426 2400 Cyrillum
1448 2348 1646 2400 epistola
1665 2349 1721 2390 de
1753 2348 2095 2400 magnificentia

215 2409 263 2449 b.
295 2407 588 2460 Hieronymi.

364 2477 390 2518 f.
424 2474 697 2517 2012—2171’
743 2476 788 2517 S.
835 2475 997 2528 Cyrilli
1041 2475 1454 2527 Hierosolymitani
1501 2475 1642 2527 episc.
1688 2475 1901 2526 Epistola
1947 2476 2004 2516 ad
2051 2477 2092 2515 b.

217 2534 533 2587 Augustinum
562 2535 619 2576 de
650 2534 887 2575 miraculis
921 2534 959 2574 b.
990 2534 1281 2586 Hieronymi.

216 2595 423 2643 (rubric.:)
456 2592 621 2634 »Finito
653 2593 760 2632 libro
792 2595 848 2632 sit
877 2593 972 2632 laus
1005 2595 1047 2632 et
1076 2593 1211 2644 gloria
1242 2591 1428 2633 Christo.

455 2661 567 2703 Sunt
596 2663 749 2703 oculos
781 2663 894 2710 clari,
928 2664 999 2714 qui
1031 2664 1172 2702 cernis
1205 2662 1349 2702 sidera
1379 2666 1617 2714 tamquam.

451 2730 580 2772 Hunc
611 2735 716 2783 puto
747 2734 1091 2783 grammaticum,
1134 2734 1207 2783 qui
1246 2743 1425 2772 versum
1456 2734 1667 2771 construit
1698 2734 1870 2771 istum.«

361 2799 387 2840 f.
421 2798 695 2842 21712-2252
725 2800 955 2842 Johannis
986 2800 1087 2841 Hus
1128 2800 1291 2841 Sermo
1334 2803 1390 2841 de
1435 2800 1686 2852 exsequiis.
1733 2799 1875 2840 »Dixit
1919 2799 2089 2840 Martha

214 2859 271 2898 ad
302 2857 489 2956 Jesurgui
514 2859 558 2896 ><
592 2861 689 2912 »qul
730 2863 799 2899 est
840 2858 1142 2910 suffragiorum
1185 2859 1595 2911 principalissimum
1638 2858 1986 2898 fundamentum.
2034 2858 2087 2898 Et

215 2919 278 2956 sic
311 2919 379 2956 est
446 2928 475 2956 n
493 2927 555 2956 s.«

358 2984 386 3025 f.
419 2983 692 3026 2252—22912
723 2988 934 3036 (anepigr.)
963 2986 1194 3028 Johannis
1214 2986 1316 3027 Hus
1337 2986 1579 3027 Tractatus
1601 2985 1657 3026 de
1678 2996 1871 3036 corpore
1893 2984 2083 3026 Christi.

218 3043 587 3095 »lnpugnantibus
628 3044 762 3085 verba
802 3046 1052 3097 ewangelii‹
1089 3046 1131 3082 ><
1168 3049 1234 3084 »et
1265 3056 1354 3085 non
1387 3045 1608 3084 maliciose
1639 3055 1690 3083 ac
1722 3046 1904 3083 inaniter
1935 3044 2082 3083 decre—

211 3106 360 3141 tarent.
393 3101 548 3142 Amen.
591 3101 645 3142 Et
675 3105 738 3142 sic
769 3102 952 3142 habetur
981 3102 1081 3143 finis
1123 3104 1253 3142 huius
1285 3102 1556 3154 pulcherrimi
1588 3103 1731 3153 operis
1764 3105 1806 3141 et
1836 3105 2078 3141 ceterorum

212 3171 249 3199 a.
284 3159 324 3198 d.
360 3157 510 3199 1413.«
545 3158 662 3208 (edit.
694 3158 886 3200 Norimb.
919 3160 948 3209 I,
987 3160 1078 3201 163.
1113 3157 1358 3211 Flajshans‚
1393 3158 1549 3200 Sbirka
1581 3170 1715 3211 pram.
1750 3158 1778 3205 Ι,
1812 3159 1872 3207 2.)

356 3216 384 3256 f.
418 3213 692 3258 229b—238b
734 3216 985 3266 Sermones
1033 3229 1151 3258 unus
1193 3218 1247 3257 de
1280 3218 1566 3266 dedicatione,
1599 3221 1785 3269 quatuor
1816 3216 1869 3256 de
1901 3228 2082 3268 corpore

210 3273 380 3316 Christi.

1117 3423 1180 3456 173
