<?xml version="1.0" encoding="UTF-8"?>
<!DOCTYPE html PUBLIC "-//W3C//DTD XHTML 1.0 Transitional//EN"
    "http://www.w3.org/TR/xhtml1/DTD/xhtml1-transitional.dtd">
<html xmlns="http://www.w3.org/1999/xhtml" xml:lang="en" lang="en">
 <head>
  <title>
</title>
<meta http-equiv="Content-Type" content="text/html;charset=utf-8" />
  <meta name='ocr-system' content='tesseract 3.04.00' />
  <meta name='ocr-capabilities' content='ocr_page ocr_carea ocr_par ocr_line ocrx_word'/>
</head>
<body>
  <div class='ocr_page' id='page_1' title='image "./cataloguscodicum01praguoft_0168.png"; bbox 0 0 2476 3782; ppageno 0'>
   <div class='ocr_carea' id='block_1_1' title="bbox 1309 294 1394 335">
    <p class='ocr_par' dir='ltr' id='par_1_1' title="bbox 1309 294 1394 335">
     <span class='ocr_line' id='line_1_1' title="bbox 1309 294 1394 335; baseline 0.012 -1"><span class='ocrx_word' id='word_1_1' title='bbox 1309 294 1394 335; x_wconf 87' lang='grc'>338</span> 
     </span>
    </p>
   </div>
   <div class='ocr_carea' id='block_1_2' title="bbox 565 429 2287 482">
    <p class='ocr_par' dir='ltr' id='par_1_2' title="bbox 565 429 2287 482">
     <span class='ocr_line' id='line_1_2' title="bbox 565 429 2287 482; baseline -0.001 -12"><span class='ocrx_word' id='word_1_2' title='bbox 565 431 591 471; x_wconf 85' lang='lat' dir='ltr'>f.</span> <span class='ocrx_word' id='word_1_3' title='bbox 631 429 892 472; x_wconf 71' lang='lat' dir='ltr'>179³—191b</span> <span class='ocrx_word' id='word_1_4' title='bbox 923 431 1157 474; x_wconf 86' lang='lat' dir='ltr'>Deutsche</span> <span class='ocrx_word' id='word_1_5' title='bbox 1189 432 1361 474; x_wconf 88' lang='lat' dir='ltr'>Gebete</span> <span class='ocrx_word' id='word_1_6' title='bbox 1393 444 1448 473; x_wconf 93' lang='lat' dir='ltr'>zu</span> <span class='ocrx_word' id='word_1_7' title='bbox 1480 433 1568 473; x_wconf 91' lang='lat' dir='ltr'>den</span> <span class='ocrx_word' id='word_1_8' title='bbox 1598 431 1700 472; x_wconf 88' lang='lat' dir='ltr'>vier</span> <span class='ocrx_word' id='word_1_9' title='bbox 1729 429 2059 482; x_wconf 88' lang='lat' dir='ltr'>Evangelisten</span> <span class='ocrx_word' id='word_1_10' title='bbox 2079 429 2175 469; x_wconf 90' lang='lat' dir='ltr'>und</span> <span class='ocrx_word' id='word_1_11' title='bbox 2205 440 2287 470; x_wconf 88' lang='lat' dir='ltr'>zur</span> 
     </span>
    </p>
   </div>
   <div class='ocr_carea' id='block_1_3' title="bbox 421 487 2286 599">
    <p class='ocr_par' dir='ltr' id='par_1_3' title="bbox 421 487 2286 599">
     <span class='ocr_line' id='line_1_3' title="bbox 421 487 2286 542; baseline -0.001 -14"><span class='ocrx_word' id='word_1_12' title='bbox 421 487 593 529; x_wconf 86' lang='lat' dir='ltr'>Mutter</span> <span class='ocrx_word' id='word_1_13' title='bbox 623 488 787 529; x_wconf 86' lang='lat' dir='ltr'>Gottes</span> <span class='ocrx_word' id='word_1_14' title='bbox 833 491 981 541; x_wconf 80' lang='lat' dir='ltr'>(vergi.</span> <span class='ocrx_word' id='word_1_15' title='bbox 1024 490 1141 530; x_wconf 85' lang='lat' dir='ltr'>Kelle</span> <span class='ocrx_word' id='word_1_16' title='bbox 1183 494 1225 531; x_wconf 90' lang='lat' dir='ltr'>in</span> <span class='ocrx_word' id='word_1_17' title='bbox 1267 491 1503 542; x_wconf 83' lang='lat' dir='ltr'>Serapeum</span> <span class='ocrx_word' id='word_1_18' title='bbox 1555 490 1654 530; x_wconf 83' lang='lat'>1861</span> <span class='ocrx_word' id='word_1_19' title='bbox 1697 488 1740 530; x_wconf 84' lang='lat' dir='ltr'>S.</span> <span class='ocrx_word' id='word_1_20' title='bbox 1773 489 1887 538; x_wconf 83' lang='lat'>375).</span> <span class='ocrx_word' id='word_1_21' title='bbox 1922 488 2097 537; x_wconf 85' lang='lat' dir='ltr'>(Preces</span> <span class='ocrx_word' id='word_1_22' title='bbox 2129 488 2211 527; x_wconf 85' lang='lat' dir='ltr'>hae</span> <span class='ocrx_word' id='word_1_23' title='bbox 2243 489 2286 527; x_wconf 89' lang='lat' dir='ltr'>in</span> 
     </span>
     <span class='ocr_line' id='line_1_4' title="bbox 422 545 889 599; baseline 0.004 -14"><span class='ocrx_word' id='word_1_24' title='bbox 422 545 508 586; x_wconf 84' lang='lat' dir='ltr'>fine</span> <span class='ocrx_word' id='word_1_25' title='bbox 541 558 722 586; x_wconf 86' lang='lat' dir='ltr'>mancae</span> <span class='ocrx_word' id='word_1_26' title='bbox 755 548 889 599; x_wconf 88' lang='lat' dir='ltr'>sunt.)</span> 
     </span>
    </p>
   </div>
   <div class='ocr_carea' id='block_1_4' title="bbox 424 659 1577 809">
    <p class='ocr_par' dir='ltr' id='par_1_4' title="bbox 424 659 1577 809">
     <span class='ocr_line' id='line_1_5' title="bbox 560 659 1489 713; baseline 0 -1"><span class='ocrx_word' id='word_1_27' title='bbox 560 659 673 713; x_wconf 87' lang='lat'>338</span> <span class='ocrx_word' id='word_1_28' title='bbox 1227 663 1266 713; x_wconf 89' lang='lat' dir='ltr'>J.</span> <span class='ocrx_word' id='word_1_29' title='bbox 1303 664 1370 713; x_wconf 91' lang='lat' dir='ltr'>H.</span> <span class='ocrx_word' id='word_1_30' title='bbox 1409 664 1489 712; x_wconf 83' lang='lat'>12.</span> 
     </span>
     <span class='ocr_line' id='line_1_6' title="bbox 424 752 1577 809; baseline 0.003 -17"><span class='ocrx_word' id='word_1_31' title='bbox 424 752 567 793; x_wconf 80' lang='lat' dir='ltr'><strong><em>chart.</em></strong></span> <span class='ocrx_word' id='word_1_32' title='bbox 598 764 715 794; x_wconf 80' lang='lat' dir='ltr'>saec.</span> <span class='ocrx_word' id='word_1_33' title='bbox 746 753 887 795; x_wconf 92' lang='lat' dir='ltr'><em>XVII</em></span> <span class='ocrx_word' id='word_1_34' title='bbox 895 754 958 809; x_wconf 83' lang='lat' dir='ltr'><em>ff</em></span> <span class='ocrx_word' id='word_1_35' title='bbox 989 756 1087 805; x_wconf 83' lang='lat'><strong><em>200,</em></strong></span> <span class='ocrx_word' id='word_1_36' title='bbox 1120 757 1197 797; x_wconf 82' lang='lat'>9·5</span> <span class='ocrx_word' id='word_1_37' title='bbox 1211 757 1298 797; x_wconf 78' lang='lat'>&gt;&lt;8</span> <span class='ocrx_word' id='word_1_38' title='bbox 1328 769 1411 797; x_wconf 89' lang='lat' dir='ltr'>cm.</span> <span class='ocrx_word' id='word_1_39' title='bbox 1445 757 1486 797; x_wconf 86' lang='lat' dir='ltr'>d.</span> <span class='ocrx_word' id='word_1_40' title='bbox 1518 769 1577 797; x_wconf 83' lang='lat' dir='ltr'>m.</span> 
     </span>
    </p>
   </div>
   <div class='ocr_carea' id='block_1_5' title="bbox 565 833 1951 935">
    <p class='ocr_par' dir='ltr' id='par_1_5' title="bbox 565 833 1951 935">
     <span class='ocr_line' id='line_1_7' title="bbox 565 833 1951 886; baseline 0.001 -13"><span class='ocrx_word' id='word_1_41' title='bbox 565 833 957 885; x_wconf 89' lang='lat' dir='ltr'>Antiphonarium</span> <span class='ocrx_word' id='word_1_42' title='bbox 988 848 1094 877; x_wconf 89' lang='lat' dir='ltr'>cum</span> <span class='ocrx_word' id='word_1_43' title='bbox 1125 837 1249 878; x_wconf 90' lang='lat' dir='ltr'>notis</span> <span class='ocrx_word' id='word_1_44' title='bbox 1281 837 1476 877; x_wconf 90' lang='lat' dir='ltr'>musicis</span> <span class='ocrx_word' id='word_1_45' title='bbox 1509 840 1568 886; x_wconf 91' lang='lat' dir='ltr'>(in</span> <span class='ocrx_word' id='word_1_46' title='bbox 1599 837 1685 877; x_wconf 87' lang='lat' dir='ltr'>fine</span> <span class='ocrx_word' id='word_1_47' title='bbox 1717 837 1951 884; x_wconf 90' lang='lat' dir='ltr'>mancum).</span> 
     </span>
     <span class='ocr_line' id='line_1_8' title="bbox 568 894 1115 935; baseline 0.007 -5"><span class='ocrx_word' id='word_1_48' title='bbox 568 894 626 930; x_wconf 84' lang='lat' dir='ltr'>Ex</span> <span class='ocrx_word' id='word_1_49' title='bbox 657 895 828 932; x_wconf 88' lang='lat' dir='ltr'>cartusia</span> <span class='ocrx_word' id='word_1_50' title='bbox 859 896 1115 935; x_wconf 89' lang='lat' dir='ltr'>Waldicensi.</span> 
     </span>
    </p>
   </div>
   <div class='ocr_carea' id='block_1_6' title="bbox 424 1000 1919 1169">
    <p class='ocr_par' dir='ltr' id='par_1_6' title="bbox 424 1000 1919 1169">
     <span class='ocr_line' id='line_1_9' title="bbox 562 1000 1492 1072; baseline -0.001 -2"><span class='ocrx_word' id='word_1_51' title='bbox 562 1017 671 1072; x_wconf 84' lang='lat'>339</span> <span class='ocrx_word' id='word_1_52' title='bbox 1052 1000 1055 1003; x_wconf 76' lang='grc'><strong>’</strong></span> <span class='ocrx_word' id='word_1_53' title='bbox 1228 1022 1267 1071; x_wconf 87' lang='lat' dir='ltr'>J.</span> <span class='ocrx_word' id='word_1_54' title='bbox 1306 1021 1373 1070; x_wconf 89' lang='lat' dir='ltr'>H.</span> <span class='ocrx_word' id='word_1_55' title='bbox 1412 1021 1492 1070; x_wconf 74' lang='lat'>13.</span> 
     </span>
     <span class='ocr_line' id='line_1_10' title="bbox 424 1112 1919 1169; baseline 0.002 -19"><span class='ocrx_word' id='word_1_56' title='bbox 424 1112 677 1152; x_wconf 85' lang='lat' dir='ltr'>membran.</span> <span class='ocrx_word' id='word_1_57' title='bbox 707 1125 823 1154; x_wconf 84' lang='lat' dir='ltr'>saec.</span> <span class='ocrx_word' id='word_1_58' title='bbox 853 1114 1198 1169; x_wconf 85' lang='lat' dir='ltr'><em>XII—XIIIff.</em></span> <span class='ocrx_word' id='word_1_59' title='bbox 1230 1115 1329 1165; x_wconf 83' lang='lat'><strong><em>105,</em></strong></span> <span class='ocrx_word' id='word_1_60' title='bbox 1359 1114 1643 1156; x_wconf 84' lang='lat'><em>16·5&gt;&lt;11·5</em></span> <span class='ocrx_word' id='word_1_61' title='bbox 1671 1126 1754 1154; x_wconf 85' lang='lat' dir='ltr'>cm.</span> <span class='ocrx_word' id='word_1_62' title='bbox 1787 1114 1828 1153; x_wconf 87' lang='lat' dir='ltr'>d.</span> <span class='ocrx_word' id='word_1_63' title='bbox 1861 1125 1919 1153; x_wconf 94' lang='lat' dir='ltr'>m.</span> 
     </span>
    </p>
   </div>
   <div class='ocr_carea' id='block_1_7' title="bbox 426 1191 2292 1359">
    <p class='ocr_par' dir='ltr' id='par_1_7' title="bbox 426 1191 2292 1359">
     <span class='ocr_line' id='line_1_11' title="bbox 567 1191 2292 1247; baseline -0.002 -13"><span class='ocrx_word' id='word_1_64' title='bbox 567 1193 817 1235; x_wconf 88' lang='lat' dir='ltr'>Sermones</span> <span class='ocrx_word' id='word_1_65' title='bbox 858 1195 1044 1245; x_wconf 88' lang='lat' dir='ltr'>diversi,</span> <span class='ocrx_word' id='word_1_66' title='bbox 1087 1207 1254 1247; x_wconf 88' lang='lat' dir='ltr'>magna</span> <span class='ocrx_word' id='word_1_67' title='bbox 1295 1207 1354 1235; x_wconf 86' lang='lat' dir='ltr'>ex</span> <span class='ocrx_word' id='word_1_68' title='bbox 1394 1198 1523 1245; x_wconf 87' lang='lat' dir='ltr'>parte</span> <span class='ocrx_word' id='word_1_69' title='bbox 1564 1205 1600 1235; x_wconf 89' lang='lat' dir='ltr'>s.</span> <span class='ocrx_word' id='word_1_70' title='bbox 1643 1194 1876 1242; x_wconf 86' lang='lat' dir='ltr'>Bernardi,</span> <span class='ocrx_word' id='word_1_71' title='bbox 1926 1191 2292 1245; x_wconf 84' lang='lat' dir='ltr'>praecedentibus</span> 
     </span>
     <span class='ocr_line' id='line_1_12' title="bbox 426 1250 2290 1305; baseline 0 -14"><span class='ocrx_word' id='word_1_72' title='bbox 426 1255 639 1303; x_wconf 84' lang='lat' dir='ltr'>excerptis</span> <span class='ocrx_word' id='word_1_73' title='bbox 680 1256 808 1292; x_wconf 84' lang='lat' dir='ltr'>variis</span> <span class='ocrx_word' id='word_1_74' title='bbox 855 1265 909 1293; x_wconf 83' lang='lat' dir='ltr'>ex</span> <span class='ocrx_word' id='word_1_75' title='bbox 954 1254 1158 1305; x_wconf 88' lang='lat' dir='ltr'>operibus</span> <span class='ocrx_word' id='word_1_76' title='bbox 1207 1265 1267 1292; x_wconf 90' lang='lat' dir='ltr'>ss.</span> <span class='ocrx_word' id='word_1_77' title='bbox 1310 1252 1547 1292; x_wconf 86' lang='lat' dir='ltr'>Bernhardi</span> <span class='ocrx_word' id='word_1_78' title='bbox 1590 1256 1632 1292; x_wconf 91' lang='lat' dir='ltr'>et</span> <span class='ocrx_word' id='word_1_79' title='bbox 1673 1252 1912 1299; x_wconf 87' lang='lat' dir='ltr'>Anshelmi,</span> <span class='ocrx_word' id='word_1_80' title='bbox 1945 1250 2148 1302; x_wconf 83' lang='lat' dir='ltr'>Hugonis</span> <span class='ocrx_word' id='word_1_81' title='bbox 2181 1252 2222 1289; x_wconf 75' lang='lat' dir='ltr'>et</span> <span class='ocrx_word' id='word_1_82' title='bbox 2252 1261 2290 1291; x_wconf 83' lang='lat' dir='ltr'>a.</span> 
     </span>
     <span class='ocr_line' id='line_1_13' title="bbox 426 1308 1212 1359; baseline 0 -9"><span class='ocrx_word' id='word_1_83' title='bbox 426 1308 651 1358; x_wconf 88' lang='lat' dir='ltr'>(Collectio</span> <span class='ocrx_word' id='word_1_84' title='bbox 683 1313 800 1351; x_wconf 91' lang='lat' dir='ltr'>initio</span> <span class='ocrx_word' id='word_1_85' title='bbox 832 1315 874 1351; x_wconf 92' lang='lat' dir='ltr'>et</span> <span class='ocrx_word' id='word_1_86' title='bbox 904 1312 990 1351; x_wconf 85' lang='lat' dir='ltr'>fine</span> <span class='ocrx_word' id='word_1_87' title='bbox 1023 1314 1212 1359; x_wconf 88' lang='lat' dir='ltr'>carens).</span> 
     </span>
    </p>
   </div>
   <div class='ocr_carea' id='block_1_8' title="bbox 402 1378 2290 1487">
    <p class='ocr_par' dir='ltr' id='par_1_8' title="bbox 402 1378 2290 1487">
     <span class='ocr_line' id='line_1_14' title="bbox 568 1378 2290 1429; baseline -0.002 -12"><span class='ocrx_word' id='word_1_88' title='bbox 568 1380 620 1417; x_wconf 89' lang='lat' dir='ltr'>Ut</span> <span class='ocrx_word' id='word_1_89' title='bbox 649 1383 689 1417; x_wconf 93' lang='lat' dir='ltr'>in</span> <span class='ocrx_word' id='word_1_90' title='bbox 721 1383 903 1428; x_wconf 89' lang='lat' dir='ltr'>operculo</span> <span class='ocrx_word' id='word_1_91' title='bbox 935 1393 1063 1429; x_wconf 90' lang='lat' dir='ltr'>super.</span> <span class='ocrx_word' id='word_1_92' title='bbox 1096 1383 1332 1419; x_wconf 90' lang='lat' dir='ltr'>intrinsecus</span> <span class='ocrx_word' id='word_1_93' title='bbox 1365 1386 1532 1426; x_wconf 87' lang='lat' dir='ltr'>notatur,</span> <span class='ocrx_word' id='word_1_94' title='bbox 1566 1382 1693 1418; x_wconf 88' lang='lat' dir='ltr'>codex</span> <span class='ocrx_word' id='word_1_95' title='bbox 1724 1392 1757 1417; x_wconf 90' lang='lat' dir='ltr'>a.</span> <span class='ocrx_word' id='word_1_96' title='bbox 1797 1381 1902 1417; x_wconf 83' lang='lat'>1867</span> <span class='ocrx_word' id='word_1_97' title='bbox 1937 1381 1985 1416; x_wconf 89' lang='lat' dir='ltr'>ab</span> <span class='ocrx_word' id='word_1_98' title='bbox 2018 1379 2079 1417; x_wconf 91' lang='lat' dir='ltr'>Al.</span> <span class='ocrx_word' id='word_1_99' title='bbox 2113 1378 2290 1425; x_wconf 86' lang='lat' dir='ltr'>Schulte,</span> 
     </span>
     <span class='ocr_line' id='line_1_15' title="bbox 402 1438 1789 1487; baseline 0.001 -13"><span class='ocrx_word' id='word_1_100' title='bbox 402 1438 642 1485; x_wconf 74' lang='lat' dir='ltr'>,professore</span> <span class='ocrx_word' id='word_1_101' title='bbox 674 1440 849 1477; x_wconf 90' lang='lat' dir='ltr'>univers.</span> <span class='ocrx_word' id='word_1_102' title='bbox 881 1440 1005 1487; x_wconf 77' lang='lat' dir='ltr'>Prag.,</span> <span class='ocrx_word' id='word_1_103' title='bbox 1038 1441 1296 1477; x_wconf 86' lang='lat' dir='ltr'>bibliothecae</span> <span class='ocrx_word' id='word_1_104' title='bbox 1329 1444 1484 1476; x_wconf 88' lang='lat' dir='ltr'>nostrae</span> <span class='ocrx_word' id='word_1_105' title='bbox 1517 1440 1686 1476; x_wconf 84' lang='lat' dir='ltr'>donatus</span> <span class='ocrx_word' id='word_1_106' title='bbox 1720 1442 1789 1476; x_wconf 89' lang='lat' dir='ltr'>est.</span> 
     </span>
    </p>
   </div>
   <div class='ocr_carea' id='block_1_9' title="bbox 567 1758 1586 1821">
    <p class='ocr_par' dir='ltr' id='par_1_9' title="bbox 567 1758 1586 1821">
     <span class='ocr_line' id='line_1_16' title="bbox 567 1758 1586 1821; baseline -0.005 -9"><span class='ocrx_word' id='word_1_107' title='bbox 567 1760 866 1814; x_wconf 83' lang='lat'><strong>340—385</strong></span> <span class='ocrx_word' id='word_1_108' title='bbox 1166 1761 1233 1810; x_wconf 78' lang='grc' dir='ltr'>Π.</span> <span class='ocrx_word' id='word_1_109' title='bbox 1271 1761 1323 1809; x_wconf 87' lang='lat' dir='ltr'>F.</span> <span class='ocrx_word' id='word_1_110' title='bbox 1362 1758 1586 1821; x_wconf 75' lang='lat'><em>1—37*)</em></span> 
     </span>
    </p>
   </div>
   <div class='ocr_carea' id='block_1_10' title="bbox 429 1842 2297 2035">
    <p class='ocr_par' dir='ltr' id='par_1_10' title="bbox 429 1842 2297 2035">
     <span class='ocr_line' id='line_1_17' title="bbox 429 1842 2297 1913; baseline -0.003 -7"><span class='ocrx_word' id='word_1_111' title='bbox 429 1864 658 1907; x_wconf 78' lang='lat' dir='ltr'>Fasciculi</span> <span class='ocrx_word' id='word_1_112' title='bbox 693 1866 751 1907; x_wconf 78' lang='lat'>45</span> <span class='ocrx_word' id='word_1_113' title='bbox 790 1866 1198 1908; x_wconf 75' lang='lat' dir='ltr'>combreherzdentes</span> <span class='ocrx_word' id='word_1_114' title='bbox 1227 1866 1342 1906; x_wconf 84' lang='lat'><em>1537</em></span> <span class='ocrx_word' id='word_1_115' title='bbox 1374 1864 1589 1905; x_wconf 82' lang='lat' dir='ltr'>historias</span> <span class='ocrx_word' id='word_1_116' title='bbox 1628 1864 1684 1904; x_wconf 81' lang='lat'>37</span> <span class='ocrx_word' id='word_1_117' title='bbox 1715 1863 1979 1903; x_wconf 80' lang='lat' dir='ltr'>morborum</span> <span class='ocrx_word' id='word_1_118' title='bbox 2010 1859 2140 1913; x_wconf 87' lang='lat' dir='ltr'>infra</span> <span class='ocrx_word' id='word_1_119' title='bbox 2169 1842 2297 1902; x_wconf 52' lang='lat' dir='ltr'>nota?</span> 
     </span>
     <span class='ocr_line' id='line_1_18' title="bbox 430 1920 2295 1976; baseline -0.002 -13"><span class='ocrx_word' id='word_1_120' title='bbox 430 1926 595 1974; x_wconf 86' lang='lat' dir='ltr'>torum,</span> <span class='ocrx_word' id='word_1_121' title='bbox 627 1937 737 1976; x_wconf 81' lang='lat' dir='ltr'>quos</span> <span class='ocrx_word' id='word_1_122' title='bbox 766 1925 1015 1965; x_wconf 80' lang='lat' dir='ltr'>medicinae</span> <span class='ocrx_word' id='word_1_123' title='bbox 1055 1923 1291 1964; x_wconf 84' lang='lat' dir='ltr'>candidati</span> <span class='ocrx_word' id='word_1_124' title='bbox 1327 1923 1375 1963; x_wconf 83' lang='lat' dir='ltr'>in</span> <span class='ocrx_word' id='word_1_125' title='bbox 1404 1922 1694 1963; x_wconf 80' lang='lat' dir='ltr'>universitate</span> <span class='ocrx_word' id='word_1_126' title='bbox 1725 1920 1957 1973; x_wconf 80' lang='lat' dir='ltr'>Pragensi,</span> <span class='ocrx_word' id='word_1_127' title='bbox 1992 1931 2186 1971; x_wconf 83' lang='lat' dir='ltr'>quorum</span> <span class='ocrx_word' id='word_1_128' title='bbox 2218 1931 2295 1959; x_wconf 89' lang='lat' dir='ltr'>no-</span> 
     </span>
     <span class='ocr_line' id='line_1_19' title="bbox 431 1978 2106 2035; baseline -0.002 -14"><span class='ocrx_word' id='word_1_129' title='bbox 431 1981 558 2022; x_wconf 79' lang='lat' dir='ltr'>mina</span> <span class='ocrx_word' id='word_1_130' title='bbox 589 1982 861 2035; x_wconf 81' lang='lat' dir='ltr'>alphabetice</span> <span class='ocrx_word' id='word_1_131' title='bbox 890 1983 1061 2034; x_wconf 77' lang='lat' dir='ltr'>digesta</span> <span class='ocrx_word' id='word_1_132' title='bbox 1091 1983 1353 2033; x_wconf 77' lang='lat' dir='ltr'>sequuntur,</span> <span class='ocrx_word' id='word_1_133' title='bbox 1387 1993 1427 2021; x_wconf 92' lang='lat' dir='ltr'>a.</span> <span class='ocrx_word' id='word_1_134' title='bbox 1460 1978 1748 2021; x_wconf 81' lang='lat'><em>1820—1840</em></span> <span class='ocrx_word' id='word_1_135' title='bbox 1778 1978 2106 2031; x_wconf 80' lang='lat' dir='ltr'>descripserunt</span> 
     </span>
    </p>
   </div>
   <div class='ocr_carea' id='block_1_11' title="bbox 851 2071 1874 2116">
    <p class='ocr_par' dir='ltr' id='par_1_11' title="bbox 851 2071 1874 2116">
     <span class='ocr_line' id='line_1_20' title="bbox 851 2071 1874 2116; baseline -0.006 0"><span class='ocrx_word' id='word_1_136' title='bbox 851 2074 1054 2116; x_wconf 88' lang='lat' dir='ltr'>Nomina</span> <span class='ocrx_word' id='word_1_137' title='bbox 1083 2075 1352 2115; x_wconf 89' lang='lat' dir='ltr'>morborum</span> <span class='ocrx_word' id='word_1_138' title='bbox 1383 2084 1489 2114; x_wconf 91' lang='lat' dir='ltr'>cum</span> <span class='ocrx_word' id='word_1_139' title='bbox 1521 2073 1621 2112; x_wconf 89' lang='lat' dir='ltr'>suis</span> <span class='ocrx_word' id='word_1_140' title='bbox 1653 2071 1874 2112; x_wconf 86' lang='lat' dir='ltr'>numeris.</span> 
     </span>
    </p>
   </div>
   <div class='ocr_carea' id='block_1_12' title="bbox 441 2153 2301 3075">
    <p class='ocr_par' dir='ltr' id='par_1_12' title="bbox 558 2153 1861 2954">
     <span class='ocr_line' id='line_1_21' title="bbox 582 2153 1667 2207; baseline -0.004 -11"><span class='ocrx_word' id='word_1_141' title='bbox 582 2157 615 2196; x_wconf 94' lang='grc'>1.</span> <span class='ocrx_word' id='word_1_142' title='bbox 649 2168 677 2197; x_wconf 91' lang='lat' dir='ltr'>a</span> <span class='ocrx_word' id='word_1_143' title='bbox 706 2157 878 2207; x_wconf 85' lang='lat' dir='ltr'>Angina</span> <span class='ocrx_word' id='word_1_144' title='bbox 908 2156 1099 2196; x_wconf 85' lang='lat' dir='ltr'>faucium</span> <span class='ocrx_word' id='word_1_145' title='bbox 1132 2159 1173 2194; x_wconf 90' lang='lat' dir='ltr'>et</span> <span class='ocrx_word' id='word_1_146' title='bbox 1204 2155 1400 2194; x_wconf 89' lang='lat' dir='ltr'>Parotitis</span> <span class='ocrx_word' id='word_1_147' title='bbox 1432 2153 1504 2206; x_wconf 87' lang='lat'>(32</span> <span class='ocrx_word' id='word_1_148' title='bbox 1536 2153 1667 2202; x_wconf 88' lang='lat' dir='ltr'>hist.).</span> 
     </span>
     <span class='ocr_line' id='line_1_22' title="bbox 584 2210 1478 2264; baseline -0.002 -11"><span class='ocrx_word' id='word_1_149' title='bbox 584 2215 616 2253; x_wconf 91' lang='lat'>1.</span> <span class='ocrx_word' id='word_1_150' title='bbox 649 2215 677 2254; x_wconf 93' lang='lat' dir='ltr'>b</span> <span class='ocrx_word' id='word_1_151' title='bbox 708 2215 880 2264; x_wconf 80' lang='lat' dir='ltr'>Angina</span> <span class='ocrx_word' id='word_1_152' title='bbox 910 2214 1245 2253; x_wconf 83' lang='lat' dir='ltr'>membranacea</span> <span class='ocrx_word' id='word_1_153' title='bbox 1275 2212 1317 2261; x_wconf 87' lang='lat'>(7</span> <span class='ocrx_word' id='word_1_154' title='bbox 1351 2210 1478 2263; x_wconf 86' lang='lat' dir='ltr'>hist.).</span> 
     </span>
     <span class='ocr_line' id='line_1_23' title="bbox 578 2268 1722 2323; baseline -0.004 -11"><span class='ocrx_word' id='word_1_155' title='bbox 578 2273 617 2313; x_wconf 84' lang='lat'>2.</span> <span class='ocrx_word' id='word_1_156' title='bbox 650 2273 903 2323; x_wconf 75' lang='lat' dir='ltr'>Apoplexia,</span> <span class='ocrx_word' id='word_1_157' title='bbox 937 2271 1247 2322; x_wconf 85' lang='lat' dir='ltr'>Haemiplegia‚</span> <span class='ocrx_word' id='word_1_158' title='bbox 1281 2270 1452 2310; x_wconf 88' lang='lat' dir='ltr'>Paresis</span> <span class='ocrx_word' id='word_1_159' title='bbox 1484 2268 1558 2318; x_wconf 90' lang='grc'>(15</span> <span class='ocrx_word' id='word_1_160' title='bbox 1588 2268 1722 2317; x_wconf 90' lang='lat' dir='ltr'>hist.).</span> 
     </span>
     <span class='ocr_line' id='line_1_24' title="bbox 578 2329 1113 2381; baseline -0.004 -11"><span class='ocrx_word' id='word_1_161' title='bbox 578 2330 617 2370; x_wconf 85' lang='lat'>3.</span> <span class='ocrx_word' id='word_1_162' title='bbox 651 2330 848 2369; x_wconf 84' lang='lat' dir='ltr'>Arthritis</span> <span class='ocrx_word' id='word_1_163' title='bbox 880 2329 953 2381; x_wconf 84' lang='lat'>(42</span> <span class='ocrx_word' id='word_1_164' title='bbox 984 2330 1113 2378; x_wconf 91' lang='lat' dir='ltr'>hist.).</span> 
     </span>
     <span class='ocr_line' id='line_1_25' title="bbox 578 2387 1398 2440; baseline -0.006 -10"><span class='ocrx_word' id='word_1_165' title='bbox 578 2390 617 2430; x_wconf 88' lang='lat'>4.</span> <span class='ocrx_word' id='word_1_166' title='bbox 651 2388 905 2439; x_wconf 83' lang='lat' dir='ltr'>Cardialgia,</span> <span class='ocrx_word' id='word_1_167' title='bbox 938 2387 1143 2440; x_wconf 90' lang='lat' dir='ltr'>Hysteria</span> <span class='ocrx_word' id='word_1_168' title='bbox 1174 2387 1247 2439; x_wconf 84' lang='lat'>(25</span> <span class='ocrx_word' id='word_1_169' title='bbox 1279 2387 1398 2435; x_wconf 91' lang='lat' dir='ltr'>hist.)</span> 
     </span>
     <span class='ocr_line' id='line_1_26' title="bbox 579 2446 1070 2497; baseline -0.006 -10"><span class='ocrx_word' id='word_1_170' title='bbox 579 2448 617 2487; x_wconf 87' lang='lat'>5.</span> <span class='ocrx_word' id='word_1_171' title='bbox 653 2447 802 2489; x_wconf 88' lang='lat' dir='ltr'>Colica</span> <span class='ocrx_word' id='word_1_172' title='bbox 833 2446 906 2497; x_wconf 88' lang='grc'>(18</span> <span class='ocrx_word' id='word_1_173' title='bbox 937 2447 1070 2494; x_wconf 88' lang='lat' dir='ltr'>hist.).</span> 
     </span>
     <span class='ocr_line' id='line_1_27' title="bbox 580 2503 1145 2552; baseline -0.005 -6"><span class='ocrx_word' id='word_1_174' title='bbox 580 2506 619 2546; x_wconf 87' lang='grc'>6.</span> <span class='ocrx_word' id='word_1_175' title='bbox 653 2505 876 2546; x_wconf 84' lang='lat' dir='ltr'>Chlorosis</span> <span class='ocrx_word' id='word_1_176' title='bbox 908 2503 982 2552; x_wconf 89' lang='grc'>(35</span> <span class='ocrx_word' id='word_1_177' title='bbox 1013 2504 1145 2551; x_wconf 89' lang='lat' dir='ltr'>hist.).</span> 
     </span>
     <span class='ocr_line' id='line_1_28' title="bbox 581 2557 1317 2609; baseline -0.007 -6"><span class='ocrx_word' id='word_1_178' title='bbox 581 2564 619 2603; x_wconf 85' lang='lat'>7.</span> <span class='ocrx_word' id='word_1_179' title='bbox 653 2563 856 2602; x_wconf 83' lang='lat' dir='ltr'>Delirium</span> <span class='ocrx_word' id='word_1_180' title='bbox 888 2565 1078 2601; x_wconf 91' lang='lat' dir='ltr'>tremens</span> <span class='ocrx_word' id='word_1_181' title='bbox 1111 2560 1156 2609; x_wconf 84' lang='lat'>(9</span> <span class='ocrx_word' id='word_1_182' title='bbox 1187 2557 1317 2609; x_wconf 89' lang='lat' dir='ltr'>hist.).</span> 
     </span>
     <span class='ocr_line' id='line_1_29' title="bbox 581 2614 1728 2669; baseline -0.007 -8"><span class='ocrx_word' id='word_1_183' title='bbox 581 2622 619 2662; x_wconf 84' lang='lat'>8.</span> <span class='ocrx_word' id='word_1_184' title='bbox 653 2621 891 2661; x_wconf 89' lang='lat' dir='ltr'>Diarrhoea</span> <span class='ocrx_word' id='word_1_185' title='bbox 921 2619 1170 2668; x_wconf 87' lang='lat' dir='ltr'>epidemica‚</span> <span class='ocrx_word' id='word_1_186' title='bbox 1204 2617 1463 2669; x_wconf 88' lang='lat' dir='ltr'>Dysenteria</span> <span class='ocrx_word' id='word_1_187' title='bbox 1494 2614 1566 2666; x_wconf 88' lang='grc'>(12</span> <span class='ocrx_word' id='word_1_188' title='bbox 1598 2615 1728 2662; x_wconf 90' lang='lat' dir='ltr'>hist.).</span> 
     </span>
     <span class='ocr_line' id='line_1_30' title="bbox 581 2677 1215 2729; baseline -0.008 -9"><span class='ocrx_word' id='word_1_189' title='bbox 581 2680 620 2720; x_wconf 84' lang='lat'>9.</span> <span class='ocrx_word' id='word_1_190' title='bbox 653 2678 945 2729; x_wconf 89' lang='lat' dir='ltr'>Encephalitis</span> <span class='ocrx_word' id='word_1_191' title='bbox 978 2677 1052 2729; x_wconf 85' lang='lat'>(14</span> <span class='ocrx_word' id='word_1_192' title='bbox 1083 2677 1215 2724; x_wconf 87' lang='lat' dir='ltr'>hist.).</span> 
     </span>
     <span class='ocr_line' id='line_1_31' title="bbox 558 2727 1861 2783; baseline -0.008 -6"><span class='ocrx_word' id='word_1_193' title='bbox 558 2737 620 2778; x_wconf 88' lang='lat'>10.</span> <span class='ocrx_word' id='word_1_194' title='bbox 653 2737 867 2783; x_wconf 82' lang='lat' dir='ltr'>EnteritiS,</span> <span class='ocrx_word' id='word_1_195' title='bbox 900 2734 1273 2781; x_wconf 87' lang='lat' dir='ltr'>Perito-Enteritis‚</span> <span class='ocrx_word' id='word_1_196' title='bbox 1305 2731 1592 2771; x_wconf 89' lang='lat' dir='ltr'>Mesenteritis</span> <span class='ocrx_word' id='word_1_197' title='bbox 1624 2728 1699 2777; x_wconf 85' lang='lat'>(54</span> <span class='ocrx_word' id='word_1_198' title='bbox 1729 2727 1861 2771; x_wconf 84' lang='lat' dir='ltr'>hist.).</span> 
     </span>
     <span class='ocr_line' id='line_1_32' title="bbox 559 2788 1658 2845; baseline -0.008 -10"><span class='ocrx_word' id='word_1_199' title='bbox 559 2796 621 2835; x_wconf 92' lang='lat' dir='ltr'>ll.</span> <span class='ocrx_word' id='word_1_200' title='bbox 654 2807 682 2835; x_wconf 88' lang='lat' dir='ltr'>a</span> <span class='ocrx_word' id='word_1_201' title='bbox 712 2795 942 2845; x_wconf 77' lang='lat' dir='ltr'>Epilepsia.</span> <span class='ocrx_word' id='word_1_202' title='bbox 976 2793 1003 2832; x_wconf 93' lang='lat' dir='ltr'>b</span> <span class='ocrx_word' id='word_1_203' title='bbox 1036 2791 1206 2832; x_wconf 88' lang='lat' dir='ltr'>Chorea</span> <span class='ocrx_word' id='word_1_204' title='bbox 1238 2802 1273 2830; x_wconf 89' lang='lat' dir='ltr'>s.</span> <span class='ocrx_word' id='word_1_205' title='bbox 1305 2789 1390 2829; x_wconf 91' lang='lat' dir='ltr'>Viti</span> <span class='ocrx_word' id='word_1_206' title='bbox 1421 2788 1495 2837; x_wconf 86' lang='lat'>(39</span> <span class='ocrx_word' id='word_1_207' title='bbox 1526 2788 1658 2835; x_wconf 86' lang='lat' dir='ltr'>hist.).</span> 
     </span>
     <span class='ocr_line' id='line_1_33' title="bbox 559 2850 1158 2903; baseline -0.008 -10"><span class='ocrx_word' id='word_1_208' title='bbox 559 2854 622 2893; x_wconf 82' lang='lat'>12.</span> <span class='ocrx_word' id='word_1_209' title='bbox 655 2852 890 2903; x_wconf 88' lang='lat' dir='ltr'>Erisipelas</span> <span class='ocrx_word' id='word_1_210' title='bbox 921 2850 994 2899; x_wconf 88' lang='lat'>(17</span> <span class='ocrx_word' id='word_1_211' title='bbox 1026 2850 1158 2897; x_wconf 89' lang='lat' dir='ltr'>hist.).</span> 
     </span>
     <span class='ocr_line' id='line_1_34' title="bbox 559 2905 1567 2954; baseline -0.009 -3"><span class='ocrx_word' id='word_1_212' title='bbox 559 2911 622 2951; x_wconf 87' lang='grc'>13.</span> <span class='ocrx_word' id='word_1_213' title='bbox 655 2910 975 2950; x_wconf 79' lang='lat' dir='ltr'>Exanthemata</span> <span class='ocrx_word' id='word_1_214' title='bbox 1006 2908 1215 2947; x_wconf 83' lang='lat' dir='ltr'>chronica</span> <span class='ocrx_word' id='word_1_215' title='bbox 1246 2905 1319 2954; x_wconf 90' lang='grc'>(53</span> <span class='ocrx_word' id='word_1_216' title='bbox 1351 2905 1483 2952; x_wconf 89' lang='lat' dir='ltr'>hist.).</span> <span class='ocrx_word' id='word_1_217' title='bbox 1564 2953 1567 2954; x_wconf 19' lang='lat'><em>⁷</em></span> 
     </span>
    </p>

    <p class='ocr_par' dir='ltr' id='par_1_13' title="bbox 441 2956 2301 3075">
     <span class='ocr_line' id='line_1_35' title="bbox 560 2956 2301 3008; baseline -0.009 0"><span class='ocrx_word' id='word_1_218' title='bbox 560 2970 621 3008; x_wconf 92' lang='grc'>14.</span> <span class='ocrx_word' id='word_1_219' title='bbox 655 2967 802 3007; x_wconf 84' lang='lat' dir='ltr'>Febris</span> <span class='ocrx_word' id='word_1_220' title='bbox 834 2978 861 3006; x_wconf 87' lang='lat' dir='ltr'>a</span> <span class='ocrx_word' id='word_1_221' title='bbox 881 2966 1143 3008; x_wconf 79' lang='lat' dir='ltr'>catarrhosa,</span> <span class='ocrx_word' id='word_1_222' title='bbox 1174 2967 1200 3003; x_wconf 92' lang='lat' dir='ltr'>b</span> <span class='ocrx_word' id='word_1_223' title='bbox 1223 2962 1471 3003; x_wconf 86' lang='lat' dir='ltr'>catarrhalis</span> <span class='ocrx_word' id='word_1_224' title='bbox 1505 2960 1782 3003; x_wconf 78' lang='lat' dir='ltr'>rheumatica,</span> <span class='ocrx_word' id='word_1_225' title='bbox 1811 2969 1834 2997; x_wconf 88' lang='lat' dir='ltr'>c</span> <span class='ocrx_word' id='word_1_226' title='bbox 1858 2958 2140 2996; x_wconf 87' lang='lat' dir='ltr'>intermittens</span> <span class='ocrx_word' id='word_1_227' title='bbox 2163 2956 2301 3006; x_wconf 91' lang='lat' dir='ltr'>quoti-</span> 
     </span>
     <span class='ocr_line' id='line_1_36' title="bbox 441 3014 2300 3075; baseline -0.009 -8"><span class='ocrx_word' id='word_1_228' title='bbox 441 3028 581 3075; x_wconf 87' lang='lat' dir='ltr'>diana,</span> <span class='ocrx_word' id='word_1_229' title='bbox 629 3026 657 3065; x_wconf 90' lang='lat' dir='ltr'>d</span> <span class='ocrx_word' id='word_1_230' title='bbox 697 3028 979 3065; x_wconf 61' lang='lat' dir='ltr'>intermittens</span> <span class='ocrx_word' id='word_1_231' title='bbox 1020 3023 1274 3074; x_wconf 79' lang='lat' dir='ltr'>irregularis,</span> <span class='ocrx_word' id='word_1_232' title='bbox 1323 3031 1347 3060; x_wconf 88' lang='lat' dir='ltr'>e</span> <span class='ocrx_word' id='word_1_233' title='bbox 1388 3021 1670 3058; x_wconf 88' lang='lat' dir='ltr'>intermittens</span> <span class='ocrx_word' id='word_1_234' title='bbox 1713 3019 1902 3062; x_wconf 88' lang='lat' dir='ltr'>tertiana,</span> <span class='ocrx_word' id='word_1_235' title='bbox 1950 3014 1972 3054; x_wconf 90' lang='lat' dir='ltr'>f</span> <span class='ocrx_word' id='word_1_236' title='bbox 2016 3014 2300 3053; x_wconf 85' lang='lat' dir='ltr'>intermittens</span> 
     </span>
    </p>
   </div>
   <div class='ocr_carea' id='block_1_13' title="bbox 548 3108 706 3112">
    <p class='ocr_par' dir='ltr' id='par_1_14' title="bbox 548 3108 706 3112">
     <span class='ocr_line' id='line_1_37' title="bbox 548 3108 706 3112; baseline 0 0"><span class='ocrx_word' id='word_1_237' title='bbox 548 3108 706 3112; x_wconf 95' lang='lat' dir='ltr'> </span> 
     </span>
    </p>
   </div>
   <div class='ocr_carea' id='block_1_14' title="bbox 447 3140 2300 3318">
    <p class='ocr_par' dir='ltr' id='par_1_15' title="bbox 447 3140 2300 3318">
     <span class='ocr_line' id='line_1_38' title="bbox 585 3140 2300 3206; baseline -0.01 -13"><span class='ocrx_word' id='word_1_238' title='bbox 585 3154 621 3206; x_wconf 73' lang='lat'>&#39;‘)</span> <span class='ocrx_word' id='word_1_239' title='bbox 645 3156 768 3192; x_wconf 87' lang='lat' dir='ltr'>Ceteri</span> <span class='ocrx_word' id='word_1_240' title='bbox 800 3155 913 3191; x_wconf 86' lang='lat' dir='ltr'>foruli</span> <span class='ocrx_word' id='word_1_241' title='bbox 944 3154 977 3189; x_wconf 91' lang='grc' dir='ltr'>ΙΙ</span> <span class='ocrx_word' id='word_1_242' title='bbox 994 3154 1081 3190; x_wconf 89' lang='lat' dir='ltr'>libri</span> <span class='ocrx_word' id='word_1_243' title='bbox 1098 3151 1180 3190; x_wconf 87' lang='lat' dir='ltr'>MS.</span> <span class='ocrx_word' id='word_1_244' title='bbox 1199 3163 1268 3187; x_wconf 85' lang='lat' dir='ltr'>seu</span> <span class='ocrx_word' id='word_1_245' title='bbox 1285 3150 1416 3197; x_wconf 87' lang='lat' dir='ltr'>potius</span> <span class='ocrx_word' id='word_1_246' title='bbox 1433 3146 1609 3184; x_wconf 88' lang='lat' dir='ltr'>fasciculi</span> <span class='ocrx_word' id='word_1_247' title='bbox 1633 3150 1819 3189; x_wconf 88' lang='lat' dir='ltr'>actorum,</span> <span class='ocrx_word' id='word_1_248' title='bbox 1843 3155 1942 3191; x_wconf 85' lang='lat' dir='ltr'>quae</span> <span class='ocrx_word' id='word_1_249' title='bbox 1963 3144 2055 3179; x_wconf 90' lang='lat' dir='ltr'>olim</span> <span class='ocrx_word' id='word_1_250' title='bbox 2071 3144 2112 3179; x_wconf 91' lang='lat' dir='ltr'>in</span> <span class='ocrx_word' id='word_1_251' title='bbox 2129 3140 2300 3177; x_wconf 87' lang='lat' dir='ltr'>archivis</span> 
     </span>
     <span class='ocr_line' id='line_1_39' title="bbox 447 3199 2300 3252; baseline -0.01 -1"><span class='ocrx_word' id='word_1_252' title='bbox 447 3215 686 3251; x_wconf 87' lang='lat' dir='ltr'>diversorum</span> <span class='ocrx_word' id='word_1_253' title='bbox 734 3212 1057 3249; x_wconf 85' lang='lat' dir='ltr'>monasteriorum</span> <span class='ocrx_word' id='word_1_254' title='bbox 1100 3209 1412 3252; x_wconf 85' lang='lat' dir='ltr'>asservabantur,</span> <span class='ocrx_word' id='word_1_255' title='bbox 1460 3206 1629 3251; x_wconf 86' lang='lat' dir='ltr'>exceptis</span> <span class='ocrx_word' id='word_1_256' title='bbox 1676 3202 1992 3238; x_wconf 88' lang='lat' dir='ltr'>memorabilibus</span> <span class='ocrx_word' id='word_1_257' title='bbox 2047 3204 2084 3236; x_wconf 89' lang='lat' dir='ltr'>et</span> <span class='ocrx_word' id='word_1_258' title='bbox 2128 3199 2300 3235; x_wconf 88' lang='lat' dir='ltr'>historiis</span> 
     </span>
     <span class='ocr_line' id='line_1_40' title="bbox 455 3259 2154 3318; baseline -0.009 -10"><span class='ocrx_word' id='word_1_259' title='bbox 455 3272 651 3318; x_wconf 78' lang='lat' dir='ltr'>adligatiS,</span> <span class='ocrx_word' id='word_1_260' title='bbox 685 3282 782 3317; x_wconf 85' lang='lat' dir='ltr'>quae</span> <span class='ocrx_word' id='word_1_261' title='bbox 814 3270 912 3306; x_wconf 87' lang='lat' dir='ltr'>infra</span> <span class='ocrx_word' id='word_1_262' title='bbox 942 3273 1202 3312; x_wconf 88' lang='lat' dir='ltr'>recensentur,</span> <span class='ocrx_word' id='word_1_263' title='bbox 1234 3268 1334 3302; x_wconf 87' lang='lat' dir='ltr'>inter</span> <span class='ocrx_word' id='word_1_264' title='bbox 1364 3263 1579 3300; x_wconf 84' lang='lat' dir='ltr'>archivalia</span> <span class='ocrx_word' id='word_1_265' title='bbox 1610 3264 1745 3297; x_wconf 88' lang='lat' dir='ltr'>nostra</span> <span class='ocrx_word' id='word_1_266' title='bbox 1775 3264 1885 3295; x_wconf 86' lang='lat' dir='ltr'>erunt</span> <span class='ocrx_word' id='word_1_267' title='bbox 1916 3259 2154 3294; x_wconf 90' lang='lat' dir='ltr'>recensendi.</span> 
     </span>
    </p>
   </div>
   <div class='ocr_carea' id='block_1_15' title="bbox 1344 3412 1408 3443">
    <p class='ocr_par' dir='ltr' id='par_1_16' title="bbox 1344 3412 1408 3443">
     <span class='ocr_line' id='line_1_41' title="bbox 1344 3412 1408 3443; baseline 0 0"><span class='ocrx_word' id='word_1_268' title='bbox 1344 3412 1408 3443; x_wconf 86' lang='lat'>144</span> 
     </span>
    </p>
   </div>
  </div>
 </body>
</html>
