2476 3782
1119 291 1226 331 1139

381 431 408 471 f.
441 429 715 472 351b—357a
746 430 991 483 (Pseudo-)
1023 429 1243 481 Dionysii
1294 429 1430 469 Liber
1462 430 1518 470 de
1550 416 1724 469 divinis
1747 427 2013 469 nominibus
2047 428 2107 478 (in

236 488 324 529 fine
362 492 716 588 Ἔᾶἓὲἓῗὲθὸἓὶδ
747 546 965 598 Excerpta
994 547 1114 585 varia
1145 545 1390 596 theologica
1421 549 1463 584 et
1494 544 1872 584 canon.-iuridica.

382 605 409 645 f.
443 604 719 645 3702-3752
751 603 924 644 Tabula
954 602 1187 643 intervalli
1221 614 1328 643 cum
1359 602 1667 654 expositione.
1711 602 1773 651 (In
1806 602 1945 644 fronte
1977 605 2107 641 nota:

240 662 291 702 A.
325 663 367 703 d.
405 663 515 703 1444
545 662 624 703 fuit
664 673 800 702 unum
834 673 911 714 pro
943 671 1076 701 aureo
1108 664 1324 708 numero.)

381 720 410 762 f.
442 717 717 761 37622—377b
750 718 794 760 S.
827 720 1061 771 Augustini
1094 717 1332 759 Sermones
1380 719 1468 757 duo
1501 719 1555 757 de
1589 717 1632 758 S.
1666 717 1866 757 Johanne
1900 717 2107 768 Baptista.

375 791 420 828 In
451 792 516 830 fol.
549 792 709 839 praelig.
744 801 823 827 non
856 801 962 827 num.
996 791 1166 827 occurrit
1196 792 1314 827 index
1347 791 1446 827 libro
1480 794 1765 834 contentorum,
1814 800 1928 836 quem
1961 789 2110 835 passim

236 853 275 886 et
305 860 380 887 nos
412 850 537 887 secuti
568 859 719 886 sumus.
752 848 796 885 In
828 849 952 885 fronte
984 849 1007 886 f.
1041 849 1090 884 4⁸
1122 849 1220 884 haec
1252 853 1344 884 nota
1377 852 1465 884 est:
1532 848 1632 884 »Iste
1665 848 1762 884 liber
1793 852 1852 883 est
1884 847 2110 882 monasterii

237 918 269 945 s.
301 907 494 945 Johannis
524 909 563 944 in
595 907 771 952 Insula«,
824 907 887 943 cui
936 917 1054 942 manu
1100 906 1303 942 recentiori
1352 906 1659 953 superscriptum
1706 910 1788 941 est:
1857 904 2109 941 »Monasterii

236 975 270 1003 s.
302 965 468 1002 Joannis
499 966 573 1002 sub
604 975 738 1012 rupe«

378 1042 504 1096 1136
1065 1042 1139 1092 Vl.
1178 1042 1234 1091 E.
1272 1042 1353 1091 20.

238 1124 381 1166 chart.
412 1136 529 1166 saec.
563 1123 615 1165 X
624 1124 706 1164 VII
715 1125 776 1178 ff
808 1125 878 1176 39,
913 1124 1102 1165 18><14
1133 1136 1216 1164 cm.
1248 1124 1271 1164 1
1306 1137 1366 1164 m.

238 1192 450 1235 Censu'ra
479 1205 705 1236 censurae
736 1195 858 1235 latae
889 1206 927 1235 a.
964 1192 1076 1233 1684
1107 1197 1167 1241 (in
1199 1197 1422 1245 prooemio
1455 1195 1641 1233 occurrit
1686 1204 1724 1231 a.
1778 1191 1905 1239 1674)
1952 1203 1979 1231 a
2028 1189 2111 1230 PP.

238 1251 541 1293 Revisoribus
573 1254 673 1293 Soc.
730 1252 848 1293 Jesu
879 1256 1042 1293 contra
1073 1252 1244 1292 librum
1276 1253 1331 1292 de
1363 1255 1491 1292 recto
1523 1262 1613 1291 usu
1644 1250 1919 1301 opinionum
1949 1249 2110 1300 proba-

305 1309 467 1350 bilium
510 1313 803 1362 compositum
836 1323 863 1350 a
893 1313 1064 1359 (auctor
1096 1311 1185 1350 libri
1217 1313 1439 1361 ignoratur
1469 1310 1590 1349 titulo
1622 1308 1774 1349 forfice
1807 1311 2037 1356 truncato).

379 1411 503 1466 1137
1070 1414 1154 1463 VI.
1193 1413 1251 1462 E.
1289 1413 1370 1462 21.

238 1494 382 1536 chart.
413 1507 529 1536 saec.
561 1494 864 1547 XVJXVIff.
898 1496 968 1545 16,
999 1496 1052 1536 21
1074 1496 1193 1536 ><15
1220 1507 1303 1535 cm.
1336 1496 1360 1535 1
1394 1507 1452 1535 m.

354 1564 381 1604 f.
419 1564 596 1606 12—12·
625 1564 856 1605 Johannis
888 1564 944 1605 de
975 1565 1100 1605 Hese
1140 1565 1292 1615 presb.
1338 1563 1611 1604 Itinerarius
1658 1574 1686 1603 a
1729 1562 1992 1603 Jerusalem
2033 1573 2116 1613 per

238 1623 452 1664 diversas
483 1622 644 1663 mundi
674 1628 846 1674 partes.
889 1622 1006 1663 Item
1036 1623 1280 1663 Tractatus
1314 1623 1369 1662 de
1410 1622 1571 1663 decem
1603 1620 1869 1661 nationibus
1902 1620 2114 1661 christia-

239 1692 419 1722 norum.
457 1681 532 1721 »A.
566 1681 606 1721 d.
645 1680 754 1721 1389
785 1681 1010 1721 Johannes
1043 1681 1097 1721 de
1129 1680 1272 1720 Hese‹
1311 1682 1352 1717 ><
1389 1681 1470 1719 »ad
1503 1691 1636 1720 unam
1668 1679 1800 1719 fidem
1834 1682 1876 1718 et
1906 1679 2112 1718 obedien-

238 1742 350 1780 ciam
381 1750 559 1779 romane
592 1740 775 1779 ecclesie
808 1739 1126 1779 reduxissent«
1163 1738 1247 1791 (Cf.
1283 1738 1501 1787 Rohricht,
1535 1737 1642 1777 Bibl.
1677 1737 1860 1777 Palaest.
1895 1748 1935 1787 p.
1969 1735 2057 1787 92.)

383 1797 411 1837 f.
450 1795 676 1837 l2b—14a'
703 1796 914 1848 Epistola
958 1797 1189 1837 Johannis
1236 1797 1425 1837 Soldani
1470 1794 1834 1847 Babyloniorum
1880 1795 1937 1834 ad
1980 1794 2115 1835 Pium

239 1866 406 1908 papam
435 1854 486 1895 11.

385 1913 411 1954 f.
450 1910 662 1954 142-—16b
696 1912 769 1952 Pii
800 1912 838 1952 11
867 1911 1078 1964 Epistola
1109 1912 1411 1964 responsoria
1453 1912 1511 1952 ad
1542 1911 1797 1952 Soldanum
1841 1910 1944 1949 data
1985 1908 2114 1949 Senis

239 1970 279 2011 V
310 1973 394 2014 kal.
426 1970 551 2011 Mart.
589 1970 711 2010 1460.

378 2042 542 2080 Videtur
573 2053 659 2079 esse
693 2043 960 2089 apographum
993 2043 1228 2089 exemplaris
1260 2042 1365 2089 typis
1397 2043 1490 2078 editi
1522 2052 1553 2078 s.
1587 2042 1611 2078 l.
1645 2045 1682 2076 et
1714 2051 1747 2078 a.
1781 2060 1839 2065 —
1870 2039 1976 2076 circa
2003 2040 2110 2076 1480

241 2106 279 2138 et
309 2101 461 2139 modice
494 2102 708 2137 concordat
740 2111 828 2136 cum
859 2105 969 2137 textu
1000 2101 1187 2136 librorum
1219 2104 1444 2137 nostrorum
1477 2099 1545 2136 44.
1580 2099 1627 2135 G.
1662 2099 1683 2134 2
1717 2110 1755 2135 n.
1805 2099 1820 2134 1
1866 2102 1902 2134 et
1950 2097 2018 2135 44.
2068 2097 2112 2134 G.

242 2159 294 2197 47
329 2171 366 2198 n.
402 2160 439 2196 2.
473 2158 609 2195 Codex
641 2159 733 2194 olim
768 2159 966 2205 adligatus
998 2163 1080 2194 erat
1110 2158 1211 2195 libro
1243 2163 1379 2194 nostro
1415 2158 1479 2195 50.
1514 2158 1558 2196 B.
1593 2157 1659 2194 31.

382 2259 422 2313 ΙΙ
1079 2259 1160 2308 Vl.
1199 2259 1251 2310 F.
1290 2260 1336 2308 1.

241 2343 386 2384 chart.
416 2259 532 2384 εἶξε.
563 2341 729 2382 XVIII
752 2343 866 2395 (post
895 2354 938 2382 a.
971 2341 1102 2389 1712)
1123 2340 1182 2394 ff
1214 2340 1312 2391 147,
1336 2341 1496 2382 22·5><
1514 2340 1569 2381 17
1586 2352 1667 2380 cm.
1701 2339 1724 2380 1
1760 2351 1819 2379 m.

242 2412 368 2454 Petri
398 2411 617 2453 Bourdon
652 2411 1009 2463 Privilegiorum
1041 2414 1087 2451 et
1116 2411 1383 2451 libertatum
1416 2410 1541 2451 Cleri
1572 2409 1843 2450 Secundarii
1889 2407 2111 2447 Leodien-

245 2471 316 2512 sis
348 2481 433 2511 nec
464 2481 558 2511 non
589 2481 764 2520 eorum,
796 2481 914 2520 quae
944 2473 1041 2509 tam
1074 2480 1134 2509 ex
1165 2470 1364 2509 adverso
1397 2480 1535 2519 quam
1567 2479 1651 2518 pro
1694 2467 1787 2507 illis
1832 2465 2019 2506 tuendis
2066 2465 2114 2505 in

242 2530 366 2570 hunc
396 2539 544 2579 usque
576 2527 698 2568 diem
728 2527 925 2568 subinde
955 2530 1091 2578 gesta
1119 2531 1243 2577 sunt,
1276 2527 1432 2567 brevis
1464 2525 1682 2566 narratio.
1725 2526 1793 2565 Ad
1842 2528 2114 2576 posterorum

242 2589 582 2633 instructionem,
613 2586 852 2626 eorundem
885 2587 1202 2637 privilegiorum
1234 2596 1286 2625 ac
1318 2585 1560 2625 libertatum
1594 2585 1649 2635 (si
1681 2583 1790 2623 forte
1814 2583 1999 2634 posthac
2023 2592 2110 2620 rur-

244 2656 323 2684 sus
354 2643 678 2695 impugnentur)
719 2650 1009 2695 opportunam
1057 2643 1360 2683 defensionem
1402 2643 1584 2684 fideliter
1614 2644 1862 2692 conscripta
1892 2652 1919 2679 a
1950 2642 2115 2688 (cetera

244 2703 404 2742 desunt
433 2701 535 2741 folio
566 2705 774 2741 truncato.
808 2700 979 2741 Nomen
1011 2704 1203 2741 auctoris
1236 2712 1259 2740 e
1292 2701 1611 2752 subscriptione
1644 2700 1859 2739 literarum
1894 2697 2113 2737 dedicato-

244 2763 401 2800 riarum
435 2759 709 2810 sumsimus).
742 2760 898 2800 Annus
931 2762 1202 2799 novissimus
1235 2759 1520 2810 diplomatum
1566 2762 1608 2797 et
1654 2758 2019 2797 documentorum
2068 2758 2109 2794 in

818 2818 923 2857 libro
956 2820 1273 2857 occurrentium
1306 2821 1374 2856 est
1410 2816 1531 2856 1712.

382 2877 425 2913 ln
457 2877 524 2912 fol.
557 2877 769 2923 praeligato
800 2878 1044 2924 possessoris
1079 2888 1222 2914 nomen
1254 2882 1336 2914 est:
1374 2876 1433 2913 »J.
1468 2876 1532 2913 W.
1566 2885 1643 2911 von
1676 2875 1818 2910 Horst«
1855 2879 1892 2910 et
1913 2874 2111 2920 precium:

249 2946 362 2972 »com
396 2936 421 2970 4
454 2934 546 2970 ecus
578 2934 802 2982 d·empire.‹

388 3011 503 3065 1139
1071 3011 1148 3061 VI.
1187 3011 1240 3060 F.
1277 3011 1325 3060 2.

244 3094 387 3135 chart.
418 3105 534 3134 saec.
566 3092 826 3134 XV—XVI
845 3094 896 3148 ff.
928 3094 998 3142 30,
1030 3094 1082 3134 21
1106 3093 1232 3145 ><14
1262 3105 1344 3133 cm.
1374 3094 1396 3133 1
1431 3104 1490 3132 m.
1529 3104 1631 3131 cum
1657 3092 1863 3144 picturis.

531 3165 622 3201 Pars
654 3177 782 3213 super.
815 3165 880 3203 fol.
919 3167 935 3202 1
972 3164 1097 3202 cultro
1131 3170 1280 3202 resecta
1313 3170 1350 3201 et
1382 3165 1518 3201 titulus
1551 3164 1712 3200 mutilus
1744 3168 1817 3200 est.

243 3231 405 3273 Jacobi
436 3231 651 3272 Canteris
681 3231 866 3284 Phrysii
897 3232 1022 3273 Rosa
1054 3231 1292 3272 Rosensis.
1346 3231 1532 3272 Carmen
1585 3231 2014 3281 dramatico-epicum
2057 3229 2114 3268 ad

602 3290 814 3330 honorem
848 3289 1034 3329 familiae
1067 3289 1414 3341 Rosenbergicae
1448 3291 1755 3339 conscriptum.

1146 3439 1214 3471 459
