2476 3782
1096 252 1151 293 68

333 395 377 431 In
409 395 634 431 calendario
666 398 875 430 occurrunt
916 393 1015 428 festa
1061 392 1101 430 S.
1134 392 1360 428 Wenceslai
1406 397 1442 428 et
1486 393 1687 428 Adalberti
1734 393 1940 437 rubricata,
1989 395 2055 428 sed

204 458 331 490 estum
373 452 413 490 S.
455 451 670 496 Ludmilae,
712 452 751 486 in
793 450 981 486 Bohemia
1021 450 1207 486 celebrari
1249 455 1431 496 coeptum
1463 461 1497 486 a.
1537 451 1642 486 1245
1676 460 1756 486 non
1788 451 2055 496 consignatur.

189 510 284 547 Item
315 510 458 547 festum
490 509 674 556 Corporis
706 508 849 544 Christi
882 508 959 544 alia
990 509 1192 544 recentiori
1233 518 1353 543 manu
1385 512 1556 543 attamen
1603 518 1706 545 saec.
1753 507 1843 543 XIII
1890 519 1949 545 ex.
1996 508 2057 543 vel

192 567 287 605 XIV
317 569 372 606 in.
404 568 580 604 additum
611 566 784 603 officium
816 576 932 602 suum
964 566 1083 601 habet
1112 565 1136 603 f.
1171 566 1326 602 7—12.
1389 564 1540 611 Quibus
1587 567 1633 601 de
1681 566 1813 601 cansis
1861 576 1931 601 nec
1978 576 2057 601 non

192 625 514 664 convenientibus
545 625 837 661 characteribus
869 625 1046 660 codicem
1088 633 1192 660 saec.
1239 622 1328 658 XIII
1376 623 1661 660 adiudicamus.
1725 622 1863 659 Codici
1910 625 2059 670 passim

190 685 325 720 insuta
369 687 462 720 sunt
502 682 721 718 officiorum
762 681 1044 728 supplementa,
1087 691 1186 727 quae
1228 682 1343 716 etiam
1386 686 1595 717 occurrunt
1635 682 1675 716 in
1716 681 1820 717 foliis
1867 682 2059 727 operculis

192 741 459 788 adglutinatis.
507 740 707 776 Praeterea
746 741 786 775 in
828 739 1012 786 operculo
1054 738 1163 776 infer.
1206 742 1392 774 notantur
1432 739 1628 785 reliquiae,
1676 749 1775 784 quae
1816 740 2063 775 continentur

191 801 232 836 in
264 800 436 846 quodam
471 798 610 834 »altari
639 797 899 844 Martyrum«.
933 796 1070 833 Codex
1102 808 1137 834 a.
1175 795 1282 832 1649
1317 801 1397 832 erat
1427 802 1595 834 monast.
1630 796 1669 834 S.
1703 796 1893 835 Coronae.

333 933 403 988 67
996 933 1034 982 I.
1074 933 1134 981 B.
1171 932 1254 982 II.

195 1040 339 1083 chart.
371 1051 415 1080 a.
447 1039 563 1080 1399
578 1038 641 1093 ff.
674 1037 774 1088 101,
804 1038 863 1079 30
883 1038 997 1078 ><22
1028 1050 1112 1078 cm.
1144 1038 1168 1078 1
1204 1050 1264 1079 m.

718 1131 968 1182 Speculum
999 1131 1231 1171 humanae
1261 1130 1550 1171 salvationis,

341 1211 370 1252 f.
407 1212 451 1252 1²
482 1211 657 1264 »Incipit
687 1212 961 1264 prohemium
1003 1212 1234 1252 cuiusdam
1275 1223 1403 1252 nowe
1445 1213 1797 1264 compilacionis«
1834 1214 1875 1249 ><
1908 1212 1935 1251 f.
1974 1211 2074 1251 lOla

196 1273 296 1320 (alia
324 1272 462 1319 manu)
498 1269 708 1322 »Explicit
749 1271 979 1322 speculum
1022 1270 1213 1310 humane
1257 1271 1518 1310 salvacionis
1559 1270 1728 1310 finitum
1770 1270 1844 1310 fer.
1890 1269 1946 1309 VI
1977 1275 2076 1309 ante

197 1328 360 1369 festum
391 1327 565 1380 Georgii
599 1340 637 1368 a.
671 1328 712 1368 d.
749 1327 901 1368 1399.‹

342 1396 370 1438 f.
408 1395 510 1438 101b
536 1400 667 1447 (tertia
697 1402 835 1446 manu)
877 1396 1157 1437 »Notandum
1190 1398 1309 1449 quod
1341 1401 1536 1438 omnium
1568 1398 1764 1437 villarum
1796 1400 1935 1437 tocius
1958 1400 2076 1448 regni

198 1455 406 1497 Bohemie
455 1455 613 1496 30264.
664 1456 716 1496 A.
764 1456 804 1495 d.
862 1455 971 1495 1417
1022 1456 1188 1496 electus
1230 1460 1298 1496 est
1343 1468 1384 1508 p.
1432 1455 1644 1496 Martinus
1692 1458 1869 1507 quintus
1916 1458 1959 1495 in
2006 1455 2073 1494 die

199 1513 410 1554 Martini.«

316 1584 491 1633 Singulis
523 1585 629 1622 foliis
662 1584 830 1622 5-100
864 1590 1133 1622 remanserunt
1167 1597 1296 1622 vacua
1327 1588 1455 1633 spatia
1485 1587 1525 1622 in
1557 1585 1681 1622 fronte
1723 1590 1759 1622 et
1800 1587 1971 1631 margine
2018 1585 2076 1620 in-

200 1644 376 1681 serendis
405 1644 580 1691 picturis.
613 1642 671 1681 Cf.
703 1631 795 1681 Cas.
827 1643 931 1681 Mus.
969 1644 1078 1680 1884
1109 1655 1146 1690 p.
1181 1644 1247 1681 25.
1280 1644 1339 1680 Ex
1370 1644 1607 1681 monasterio
1639 1642 1893 1681 Trebonensi.

341 1778 413 1833 68
1008 1779 1048 1829 I.
1085 1780 1144 1829 B.
1182 1779 1262 1828 12.

202 1885 348 1926 chart.
377 1896 494 1926 sace.
525 1883 643 1924 XIV
668 1896 730 1925 ex.
761 1883 894 1938 (sing.
919 1886 1043 1938 part.
1075 1897 1119 1926 a.
1154 1885 1288 1938 1384)
1301 1885 1364 1940 ff
1395 1885 1494 1935 154,
1524 1885 1582 1926 30
1601 1886 1713 1926 ><21
1747 1897 1830 1927 cm.
1862 1886 1904 1926 d.
1937 1898 1995 1926 m.

348 1965 377 2006 f.
414 1964 596 2006 12—702
623 1965 874 2007 Sermones
907 1967 963 2006 de
998 1966 1192 2008 sanctis.
1226 1967 1413 2015 (Initium
1446 1967 1582 2007 deest.
1625 1967 1793 2008 Primus
1826 1968 1880 2008 cle
1924 1967 1968 2008 S.
2010 1966 2080 2006 Ni-

205 2024 344 2074 colao,
375 2024 556 2064 ultimus
589 2024 643 2064 de
675 2023 720 2065 S.
752 2023 927 2064 Thoma
959 2026 1096 2076 expl:
1139 2025 1194 2065 Et
1224 2026 1279 2064 ibi
1312 2029 1379 2065 est
1408 2025 1509 2065 finis
1541 2026 1651 2066 illius
1683 2027 1774 2066 libri
1806 2027 1908 2067 boni
1950 2028 2079 2074 etc.‹)

350 2092 379 2134 f.
411 2091 655 2133 712--117b
681 2092 889 2134 Granum
919 2093 1212 2134 Passionalis
1247 2094 1378 2134 »Post
1417 2098 1670 2146 passionem
1718 2096 1882 2136 domini
1930 2096 2079 2135 divisis

206 2151 442 2204 apostolis«
479 2151 523 2189 ><
558 2150 767 2203 »Explicit
795 2163 979 2203 granum
1013 2153 1275 2204 passionalis
1308 2153 1391 2192 sub
1423 2166 1461 2193 a.
1495 2153 1536 2194 d.
1573 2153 1722 2194 1384«

265 2279 293 2319 b
351 2220 380 2261 f.
397 2219 526 2319 (111ῗέ
527 2220 685 2319 {4126a
709 2220 1014 2262 Prothemata
1034 2232 1177 2273 super
1203 2222 1445 2274 euangelia
1464 2223 1521 2264 de
1541 2223 1732 2265 sanctis.
1755 2224 1783 2264 f.
1812 2224 1912 2264 126a
1938 2223 2083 2263 »finita

209 2289 263 2319 su
323 2290 363 2319 a.
429 2310 438 2318 .
591 2295 627 2319 «ι.

353 2347 382 2388 f.
419 2344 522 2388 126⁶
548 2347 798 2389 Sermones
830 2349 922 2389 duo
953 2349 1007 2389 de
1038 2349 1295 2390 animabus.

353 2417 382 2457 f.
420 2414 522 2458 127b
576 2416 714 2458 Notae
746 2418 800 2458 de
832 2417 1027 2458 efficacia
1056 2419 1176 2459 verbi
1209 2420 1290 2467 dei,
1328 2420 1382 2459 de
1414 2421 1531 2461 bono
1554 2421 1862 2472 praedicatore,
1887 2421 1940 2460 de
1965 2433 2083 2473 prae-

210 2477 416 2528 rogativis
448 2479 702 2516 sanctorum
735 2477 1018 2528 singulorum.

354 2543 383 2585 f.
449 2542 718 2585 13512—1371’
743 2545 841 2586 Hra
869 2542 1171 2587 velikonocni'
1198 2544 1572 2590 latinsko-ceska
1612 2553 1639 2589 t.
1672 2561 1740 2604 zy.
1787 2548 1913 2590 Ordo
1942 2548 2086 2589 trium

211 2613 520 2710 ptemfg)arum
550 2603 670 2656 (vyd.
702 2601 858 2644 Hanus
890 2616 918 2644 v
948 2603 1007 2645 M.
1038 2603 1152 2656 Vyb.
1187 2610 1259 2646 str.
1292 2605 1350 2646 40
1379 2618 1406 2646 a
1437 2619 1478 2646 n.
1506 2605 1661 2647 Srovn.
1695 2606 1797 2648 Cas.
1830 2606 1945 2647 Mus.
1975 2606 2076 2647 1891

214 2671 237 2701 s
257 2672 288 2701 r.
399 2693 407 2702 .

358 2729 386 2771 f.
424 2729 649 2771 138-139
679 2729 816 2771 Notae
848 2735 1016 2772 variae:
1065 2731 1236 2785 Quibus
1269 2734 1547 2785 prohibeatur
1576 2745 1736 2785 corpus
1784 2733 1954 2775 Christi.
2018 2734 2081 2774 De

216 2787 371 2828 diebus
402 2789 656 2840 periculosis
688 2790 918 2830 cuiuslibet
947 2793 1061 2831 anni.
1126 2790 1191 2831 De
1243 2792 1436 2843 quodam
1488 2795 1697 2843 episcopo
1748 2795 1923 2832 nomine
1971 2791 2082 2832 Odo.

217 2844 282 2886 De
325 2848 540 2887 creatione
586 2847 775 2887 hominis
828 2850 871 2888 in
903 2852 1024 2888 utero
1076 2852 1225 2889 matris
1285 2850 1428 2902 (Expl.
1461 2849 1560 2890 finis
1593 2849 1760 2891 Cubini
1791 2850 1847 2890 de
1877 2850 2085 2900 Zalssie).

361 2913 390 2955 f.
426 2913 693 2956 1402-15312
720 2914 928 2957 Granum
959 2917 1240 2968 passionalis
1281 2919 1338 2959 de
1369 2919 1545 2959 sanctis
1586 2922 1722 2967 (initio
1769 2920 1978 2966 mutilum,
2031 2920 2087 2959 ad

219 2971 383 3012 calcem
413 2973 496 3012 alia
526 2985 681 3014 manu:
734 2973 944 3026 »Explicit
987 2987 1172 3027 granum
1219 2978 1481 3028 passionalis
1523 2978 1687 3017 bonum
1730 2978 1783 3017 de
1817 2980 1981 3018 sanctis
2014 2989 2090 3029 per

219 3039 378 3070 manus
409 3029 572 3071 domini
605 3031 793 3072 Stiborii
822 3033 1011 3073 honesti
1041 3034 1325 3084 presbiteri«

364 3097 392 3138 s.
430 3099 531 3139 154ει
558 3099 778 3142 Officium
808 3101 864 3142 de
895 3102 1059 3143 lancea
1089 3106 1136 3143 et
1171 3114 1344 3144 corona
1374 3102 1562 3143 domini.

366 3167 394 3207 f.
431 3166 532 3209 154b
559 3169 937 3221 specificationes
968 3174 1268 3223 peccatorum
1298 3172 1439 3213 latine
1462 3175 1508 3213 et
1528 3172 1780 3214 bohemice.
1818 3169 2091 3222 (Slovni'i'zek

222 3219 387 3266 hh'chfi
415 3222 694 3280 lat-cesamo.

1143 3379 1182 3410 19
1889 3373 1925 3408 2*
