2476 3782
1226 277 1303 317 391

481 411 571 466 391
939 414 1036 463 III.
1074 413 1135 463 A.
1174 415 1219 464 6.
1241 426 1300 469 (Y.
1325 427 1352 460 Ι.
1378 427 1410 459 4.
1435 437 1470 460 n.
1497 426 1545 468 6.)

343 505 483 547 chart.
515 517 630 546 saec.
663 504 757 546 XV
777 503 825 561 ff.
859 506 957 558 184,
986 508 1040 548 31
1060 507 1176 548 ><22
1206 519 1292 549 cm.
1324 509 1347 549 1
1381 520 1439 548 m.

486 597 513 638 f.
551 597 760 639 12—1342
791 598 1001 650 (anepigr.)
1032 600 1089 641 M.
1121 600 1351 642 Johannis
1381 601 1482 641 Hus
1512 600 1705 642 Postilla
1735 611 1875 651 super
1906 599 2131 651 epistolas
2155 601 2203 641 et

342 655 582 707 evangelia
624 667 707 707 per
749 656 975 698 circulum
1019 658 1130 698 anni
1170 670 1276 699 cum
1305 658 1478 710 glossis
1510 658 1779 699 bohemicis.
1823 657 1976 698 »Dom.
2009 657 2024 697 I
2055 660 2098 698 in
2128 657 2202 698 ad-

342 716 488 753 ventu.
530 714 769 765 Apostolus
809 718 852 755 in
894 718 1081 767 presenti
1113 716 1254 756 iubet«
1289 718 1332 755 ><
1368 720 1435 756 »et
1466 719 1567 757 sicci
1600 728 1626 756 a
1656 717 1796 756 calore
1829 716 2080 756 adurente<
2117 714 2200 768 (Cf.

343 771 440 810 cod.
471 770 500 811 I.
534 770 580 812 C.
615 771 668 811 27
701 775 744 812 et
772 772 836 813 III.
869 772 916 813 B.
949 773 1010 823 3.)

486 839 514 880 f.
567 839 836 880 1353-137ει
881 841 1042 883 Sermo
1090 843 1144 883 de
1177 842 1478 883 dedicatione.
1531 843 1773 894 »Egressus
1818 842 1948 881 Jesus
1984 872 1993 882 .
2030 875 2036 882 .
2073 873 2082 881 .
2113 842 2202 883 Iam

344 900 504 938 nostris
535 898 828 950 temporibus«
865 900 908 937 ><
943 900 1086 952 »quod
1117 900 1258 941 factus
1291 904 1358 941 est
1389 912 1465 952 pro
1496 901 1637 949 nobis,
1673 903 1770 952 qui«
1806 903 1884 940 etc.

486 966 514 1007 f.
552 966 821 1008 1372-1392
850 968 1059 1021 (anepigr.)
1091 969 1148 1010 M.
1177 969 1409 1010 Johannis
1449 970 1549 1010 Hus
1589 969 1840 1010 Sermones
1871 969 1961 1010 duo
1992 969 2047 1010 de
2080 968 2203 1010 dedi-

343 1024 539 1066 catione.
574 1024 789 1065 »Historia
830 1030 1043 1077 presentis
1075 1029 1309 1078 evangelii«
1348 1027 1384 1068 ><
1424 1030 1492 1068 »in
1525 1028 1710 1067 ecclesia
1742 1028 2072 1079 triumphante«
2122 1025 2198 1068 Se-

342 1085 827 1190 ῗυὲυᾌέεῗηὲὅδὲιξετ
862 1083 1026 1124 »Hodie
1057 1087 1099 1124 in
1133 1085 1265 1125 domo
1297 1089 1370 1125 tua
1401 1089 1569 1137 oportet
1599 1097 1668 1125 me
1710 1097 1926 1125 manere<
1971 1083 2054 1138 (Cf.
2103 1084 2200 1125 cod.

485 1210 512 1250 f.
550 1206 811 1250 139b—140·
839 1209 976 1251 Notae
1008 1211 1276 1263 theologicae
1306 1215 1462 1252 variae.

485 1280 512 1319 f.
550 1276 808 1320 141⁸—143b
840 1282 1050 1330 (anepigr.)
1080 1280 1322 1321 Tractatus
1353 1281 1408 1321 de
1423 1280 1506 1321 VII
1521 1281 1725 1332 peccatis
1759 1281 2032 1322 mortalibus
2055 1280 2201 1332 (etiam

342 1338 843 1447 gggptrgticpaggrgressis).
881 1338 1117 1391 »Superbia
1147 1342 1215 1379 est
1245 1342 1476 1380 maioracio
1508 1351 1564 1379 ex
1594 1342 1766 1391 proprio
1797 1339 1989 1379 honore«
2010 1340 2054 1376 ><
2075 1338 2202 1378 »illud

485 1464 511 1504 f.
551 1463 814 1506 143b—146·
855 1466 898 1507 S.
937 1465 1187 1517 Augustini
1228 1466 1285 1506 ad
1324 1466 1514 1506 Petrum
1555 1466 1801 1506 diaconum
1842 1466 1959 1506 liber
2003 1465 2059 1506 de
2099 1464 2201 1506 fide.

347 1521 635 1563 »Firmissime
666 1527 789 1564 tene«
828 1522 865 1566 ><
906 1524 1040 1564 »deus
1071 1524 1126 1563 illi
1158 1525 1373 1564 revelavit.
1406 1524 1499 1564 Hec
1530 1524 1641 1575 Aug.
1675 1523 1827 1563 doctor
1857 1526 2096 1575 egregius«

486 1591 513 1632 f.
551 1590 817 1633 1462—184b
849 1595 1059 1642 (anepigr.)
1098 1593 1158 1633 M.
1198 1593 1427 1634 Johannis
1469 1593 1570 1633 Hus
1611 1592 1860 1633 Sermones
1903 1592 2203 1633 dominicales

342 1649 397 1689 ab
428 1649 630 1690 adventu
659 1662 807 1702 usque
848 1652 904 1692 ad
945 1651 1225 1691 dominicam
1268 1650 1327 1691 111
1355 1653 1464 1702 post
1502 1651 1612 1691 trin.
1648 1650 1741 1690 »Ad
1773 1654 1812 1690 te
1844 1651 1980 1690 levavi
2013 1653 2203 1690 animam

342 1718 485 1747 meam
519 1739 527 1748 .
563 1739 571 1747 .
606 1741 613 1748 .
646 1707 896 1749 Notandum
929 1712 1079 1760 primo,
1127 1712 1224 1760 quis
1265 1709 1400 1749 levat«
1438 1709 1481 1750 ><
1516 1713 1584 1749 »et
1622 1711 1664 1748 in
1709 1708 1991 1748 defensione«
2040 1710 2203 1757 (cetera

343 1765 503 1804 desunt
533 1767 678 1806 multis
709 1766 821 1806 foliis
853 1770 1045 1816 excisis).
1079 1766 1143 1806 De
1175 1771 1350 1806 auctore
1383 1766 1436 1806 cf.
1473 1767 1569 1806 cod.
1603 1766 1654 1806 X.
1688 1766 1740 1806 H.
1780 1765 1841 1806 13.

484 1848 650 1884 Pretium
680 1849 768 1885 libri
798 1860 901 1886 saec.
918 1849 993 1885 XV
1013 1851 1053 1885 in
1075 1850 1258 1896 operculo
1275 1860 1403 1895 super.
1427 1853 1679 1885 annotatum:
1715 1859 1808 1896 »pro
1831 1860 1911 1885 una
1933 1859 2015 1886 sex.
2040 1859 2193 1895 gross.«

341 1905 464 1942 Vetus
496 1907 596 1953 sign.
627 1906 674 1951 A,
707 1907 775 1943 44.

482 2041 589 2094 392
937 2042 1032 2091 III.
1070 2041 1133 2091 A.
1175 2042 1218 2091 7.
1241 2051 1300 2093 (Y.
1326 2052 1353 2084 Ι.
1380 2052 1412 2084 4.
1437 2062 1472 2085 n.
1498 2052 1545 2094 7.)

343 2135 485 2177 chart.
518 2147 562 2175 a.
594 2134 708 2176 1404
738 2138 779 2175 et
807 2135 996 2189 1390ff.
1028 2135 1115 2176 183
1143 2147 1281 2184 num„
1312 2133 1542 2175 29·5><22
1572 2145 1655 2173 cm.
1685 2133 1714 2173 2
1743 2145 1803 2174 m.

486 2215 513 2255 f.
552 2216 740 2257 1--179ἔἰ
769 2216 1034 2257 Johannicii
1075 2215 1419 2269 (Carbonistae)
1460 2215 1663 2256 doctoris
1705 2215 1981 2255 Sermonum
2011 2213 2204 2255 domini—

343 2273 513 2313 calium
543 2273 598 2314 de
630 2278 837 2325 tempore
868 2286 978 2325 pars
1010 2274 1250 2315 aestivalis
1281 2276 1417 2323 (initio
1449 2273 1635 2325 carens).
1671 2272 1784 2312 »Iam
1818 2277 1984 2322 sanata,
2016 2272 2090 2312 ubi
2112 2272 2203 2312 nul-

344 2331 426 2370 lius
458 2335 622 2382 peccati
664 2333 834 2372 macula
879 2335 1087 2372 tinxerat«
1122 2332 1168 2382 (f.
1207 2330 1250 2373 lb
1283 2332 1567 2371 rubricatum:
1600 2331 1668 2370 hic
1701 2341 1801 2381 pars
1834 2330 2031 2370 secunda
2061 2340 2203 2381 usque

345 2389 400 2428 ad
432 2388 582 2438 finem)
614 2391 658 2428 ><
693 2389 901 2441 »Explicit
930 2391 1034 2429 liber
1064 2391 1208 2430 bonus
1240 2393 1282 2430 et
1311 2390 1425 2429 utilis
1456 2391 1647 2439 magistri
1670 2387 1926 2428 Carboniste
1949 2399 2024 2439 per
2045 2398 2204 2427 manus

345 2446 516 2487 Mathie
557 2447 655 2486 dicti
698 2449 872 2494 (lacuna
911 2448 1104 2487 radendo
1136 2448 1267 2496 facta)
1299 2448 1354 2487 de
1385 2445 1596 2486 Skutecz.
1639 2445 1840 2496 Inceptus
1873 2445 2058 2485 scribere
2090 2457 2127 2486 a.
2162 2445 2202 2484 d.

350 2503 457 2543 1403
504 2507 617 2545 circa
661 2505 820 2545 festum
868 2517 903 2545 s.
946 2505 1195 2545 Weneeslai
1241 2509 1283 2545 et
1322 2504 1470 2544 finitus
1502 2502 1657 2555 (140)4
1686 2514 1801 2542 anno
1835 2505 2031 2554 proxima
2061 2502 2134 2542 fer.
2165 2501 2205 2541 V

346 2566 446 2614 post
475 2562 634 2602 festum
667 2575 701 2602 s.
734 2563 829 2603 Viti.
862 2564 901 2603 A
932 2567 978 2615 ty
1008 2563 1184 2615 telussye
1215 2563 1366 2603 oblecz
1397 2562 1467 2614 sye
1499 2574 1542 2601 w
1572 2561 1781 2600 kabatecz
1814 2572 1890 2611 pro
1921 2560 2162 2600 finalibus«

488 2643 513 2683 f.
553 2641 820 2684 180a—133b
853 2643 1016 2683 Decem
1048 2647 1278 2695 praecepta
1309 2643 1502 2693 decalogi
1534 2645 1576 2680 et
1597 2645 1763 2692 septem
1787 2644 1967 2692 peccata
1987 2641 2193 2681 mortalia.

346 2701 498 2798 {fiebil-
528 2701 644 2799 ἓξὲξ)
683 2702 828 2741 finitur
868 2701 1038 2742 Glossa
1077 2701 1126 2741 in
1165 2700 1208 2741 X
1247 2703 1464 2751 precepta
1502 2710 1584 2750 per
1622 2698 1848 2739 Jacobum
1878 2698 2127 2749 plebanum
2157 2698 2206 2738 in

488 2841 724 2878 Intrinsecus
771 2853 890 2879 asser.
924 2852 1051 2889 super.
1083 2842 1244 2888 legitur:
1280 2841 1398 2876 »Pars
1430 2839 1603 2876 estivalis
1635 2849 1751 2885 super
1774 2839 1993 2874 dominicas
2027 2839 2075 2874 de
2106 2843 2205 2875 tem-

346 2909 451 2945 pore.
492 2898 603 2934 Liber
642 2910 743 2946 mag.
786 2899 972 2946 Symonis
1012 2901 1059 2936 de
1099 2899 1372 2946 Rokyczana.«
1417 2897 1512 2933 Item
1542 2897 1638 2932 haec
1670 2896 1833 2942 epistola
1863 2897 1970 2942 ligno
2002 2897 2111 2932 nudo
2144 2897 2204 2931 in-

347 2958 509 3003 scripta:
555 2956 817 2994 »Conceditur
855 2958 952 2993 liber
990 2959 1063 2993 iste
1094 2958 1252 2993 domino
1284 2955 1493 2991 Valentino
1525 2954 1627 2990 fratri
1659 2955 1741 2990 ord.
1783 2954 2055 2998 Rudnicensis,
2088 2963 2203 3000 quem

347 3025 435 3049 cum
467 3016 711 3060 conspexerit
741 3015 802 3051 vel
832 3017 1080 3062 rescripserit,
1114 3016 1348 3051 concedetur
1378 3012 1452 3049 sibi
1484 3011 1604 3047 altera
1632 3021 1723 3058 pars
1755 3011 1818 3046 vel
1847 3013 1995 3057 integer
2016 3010 2204 3047 Johanni-

347 3073 445 3107 cius,
488 3071 689 3118 Supplicat
728 3074 831 3110 dom.
874 3072 1103 3118 Mauricius,
1145 3074 1359 3118 dirigantur
1399 3070 1473 3106 sibi
1505 3070 1545 3105 in
1577 3068 1720 3105 Christi
1752 3071 1908 3105 nomine
1940 3068 2100 3105 candele
2131 3068 2204 3104 fra-

347 3129 470 3164 tribus
502 3129 746 3167 resultantes
780 3130 978 3166 Salutetur
1006 3132 1110 3166 dom.
1143 3130 1342 3166 Johannes
1373 3128 1487 3164 frater
1515 3137 1608 3173 ymo
1638 3127 1767 3162 verius
1800 3131 1906 3172 pater
1942 3136 2052 3162 meus
2084 3127 2204 3162 caris-

348 3188 483 3230 simus,
527 3187 588 3222 cui
630 3189 791 3232 dicatur,
838 3189 943 3233 quod
983 3190 1060 3224 iam
1102 3188 1240 3223 recedo
1283 3188 1329 3222 de
1360 3185 1522 3221 Mielnik
1553 3184 1666 3220 hodie
1699 3188 1771 3220 etc.
1805 3188 1905 3221 ete«
1940 3183 2063 3219 Vetus
2095 3184 2195 3229 sign.

349 3243 393 3289 O,
427 3244 493 3280 39.

1248 3391 1310 3423 152
