2476 3782
1261 289 1345 329 878

366 440 521 467 seorum
552 434 589 466 et
619 431 806 476 pecunias
836 430 882 465 de
914 429 1092 475 patellis«
1128 439 1193 476 per
1224 430 1399 476 singulas
1431 430 1648 466 dominicas
1682 430 1757 466 sibi
1791 431 2005 469 adnotavit.
2039 431 2228 479 Reliquiis

365 487 628 535 inscriptionis
670 491 848 523 externae
889 486 1029 523 librum
1071 487 1191 523 fuisse
1234 487 1386 534 collegii
1431 488 1602 524 nationis
1634 488 1787 525 bohem.
1822 489 2041 527 edocemur.
2104 488 2227 528 Vetus

366 547 467 592 sign.
498 545 545 590 A,
585 546 648 581 16.

504 655 614 710 878
1000 657 1052 706 V.
1089 657 1153 706 D.
1190 657 1271 706 10.
1316 667 1375 710 (Y.
1390 667 1417 701 l.
1443 668 1473 701 4.
1500 678 1534 703 n.
1560 668 1633 710 93.)

366 750 509 790 chart.
539 761 655 790 saec.
686 747 778 788 XV
804 748 935 802 (pars
969 762 1007 791 α.
1042 749 1175 802 1458)
1202 750 1252 803 ff.
1282 750 1369 791 379
1398 762 1536 799 num„
1565 751 1619 791 31
1641 751 1767 801 ><22
1797 762 1879 791 cm.
1912 751 1951 791 d.
1985 764 2043 793 m.

510 830 538 870 f.
576 830 719 869 1⁸—22
748 832 958 880 (anepigr.)
989 831 1230 871 Declaratio
1262 842 1393 882 super
1423 835 1776 883 extravagantem
1814 832 2046 872 »Provide«
2082 833 2136 872 de
2167 835 2230 874 in-

367 889 545 928 terdicto
578 899 654 939 pro
686 891 894 939 pecuniis.

512 945 538 986 f.
573 943 728 986 2³—2b
760 944 1020 986 Constitutio
1067 949 1217 986 contra
1256 946 1364 993 illos,
1413 949 1484 998 qui
1535 950 1757 987 contracto
1799 951 2071 987 matrimonio
2120 951 2231 988 acci-

368 1007 490 1055 piunt
521 1015 672 1043 sacros
704 1003 893 1044 ordines.

509 1060 536 1100 f.
570 1059 727 1100 Zb—Jjb
756 1060 820 1101 Ne
851 1061 1004 1101 fratres
1036 1064 1226 1101 minores
1269 1061 1352 1100 sub
1384 1064 1558 1101 nomine
1590 1060 1814 1102 Romanae
1847 1063 2055 1103 ecclesiae
2088 1064 2232 1116 aliqua

367 1120 483 1159 bona
514 1119 688 1158 mobilia
718 1123 865 1170 petant
894 1119 950 1158 ad
982 1130 1077 1158 eam
1112 1121 1355 1170 spectantia
1386 1121 1479 1158 sine
1512 1119 1630 1158 sedis
1662 1122 1929 1171 apostolicae
1962 1122 2142 1161 licentia.

510 1177 537 1216 f.
569 1174 724 1216 5b—6·
753 1176 1071 1216 Determinatur
1101 1178 1170 1216 hic
1202 1175 1422 1217 Christum
1455 1180 1496 1215 et
1527 1179 1754 1228 apostolos
1789 1181 2007 1229 proprium
2040 1182 2081 1218 in
2114 1190 2232 1218 com-

370 1238 488 1274 muni
520 1234 743 1274 habuisse.

511 1292 538 1332 f.
570 1291 749 1332 62—100
778 1291 1020 1331 Declaratio
1053 1291 1282 1331 dubiorum
1314 1293 1427 1331 circa
1458 1294 1748 1343 praemissum
1782 1294 2024 1333 articulum.

512 1350 539 1389 f.
577 1349 650 1390 lOa
682 1349 932 1389 Prohibetur
962 1360 1033 1388 ars
1064 1350 1300 1389 alchimiae.

513 1407 538 1447 f.
578 1405 782 1447 102—1010
813 1406 872 1447 Ut
917 1407 1132 1459 quaelibet
1177 1407 1362 1446 ecclesia
1406 1406 1746 1447 mendicantium
1796 1419 1884 1448 una
1925 1421 2139 1461 campana
2172 1412 2227 1449 sit

374 1469 590 1506 contenta.

514 1523 541 1563 f.
580 1520 787 1562 lob—13⁵
817 1521 1071 1562 Clementis
1112 1533 1258 1572 papae
1301 1520 1364 1561 IV
1392 1520 1690 1573 Privilegium
1722 1522 1944 1563 fratribus
1976 1523 2234 1564 minoribus

371 1592 661 1630 concessum,
709 1581 830 1631 quod
876 1579 1042 1620 dicitur
1092 1578 1242 1619 »Mare
1287 1590 1544 1631 magnum.«
1595 1579 1718 1632 Quae
1767 1582 2043 1632 praecedunt,
2087 1584 2236 1621 omnia

371 1638 547 1679 Schulte
579 1637 764 1687 (Canon.
815 1637 982 1677 Hdsch.
1016 1649 1056 1690 p.
1089 1636 1163 1685 39)
1195 1637 1351 1689 colligit
1388 1638 1470 1677 sub
1493 1638 1635 1678 titulo:
1657 1638 1924 1679 Decretales
1947 1642 2052 1680 octo
2085 1643 2234 1680 extra·

370 1699 595 1748 vagantes
627 1695 882 1736 Clementis
912 1694 955 1734 V
987 1698 1033 1735 et
1061 1694 1291 1735 Johannis
1321 1694 1456 1735 XXII.

471 1771 475 1775 ·
516 1755 542 1794 f.
581 1750 782 1794 13·—-15¹²
826 1753 1193 1793 Instrumentum
1231 1753 1401 1803 publici
1443 1753 1610 1793 notarii
1654 1753 1702 1793 in
1748 1765 1889 1794 causa
1935 1754 2237 1795 articulorum

372 1823 399 1852 a
427 1811 655 1852 Michaele
685 1814 740 1851 de
781 1811 932 1852 Broda
975 1810 1260 1851 Teutonicali
1301 1810 1374 1862 (z
1395 1812 1450 1851 de
1491 1810 1678 1862 Causis)
1723 1815 1884 1852 contra
1914 1811 1967 1852 fr.
2011 1812 2235 1853 Bernhar-

372 1870 532 1910 dinum
577 1869 835 1909 Senensem
864 1868 1071 1910 Johanni
1112 1869 1232 1908 card.
1266 1868 1309 1909 S.
1342 1868 1462 1909 Sixti
1494 1869 1707 1909 datorum
1737 1881 1778 1909 a.
1814 1868 1924 1909 1432
1965 1872 2235 1921 (copiatum).

516 1927 543 1967 f.
581 1924 784 1967 15b—182
813 1926 930 1978 Mag.
963 1926 1307 1966 Bartholomaei
1352 1927 1407 1967 de
1437 1926 1671 1967 Florentia
1701 1928 1799 1967 ord.
1833 1929 1988 1978 praed.
2024 1927 2236 1968 Pronun-

374 1985 512 2026 ciatio
544 1985 771 2025 adversus
811 1996 987 2025 novum
1028 1985 1343 2025 characterem
1383 1983 1585 2024 nominis
1630 1984 1746 2025 Jesu
1776 1996 1803 2024 a
1832 1984 1886 2025 fr.
1919 1985 2236 2026 Bernhardino

374 2043 689 2084 adinventum.
720 2042 767 2082 In
797 2042 906 2082 fine:
944 2042 1178 2083 »Bononie
1208 2041 1367 2082 Octob.
1399 2041 1543 2082 XXIII
1573 2054 1610 2083 a.
1644 2042 1682 2082 d.
1720 2042 1868 2082 1431.«

518 2101 545 2141 f.
583 2098 822 2141 18¹0—140a
865 2099 1156 2141 Documenta
1200 2099 1331 2140 varia
1371 2099 1542 2151 (bullae
1587 2100 1788 2151 papales,
1834 2100 2016 2141 litterae
2058 2100 2237 2151 episco-

374 2159 503 2210 pales
536 2160 639 2207 etc.)
671 2158 1042 2199 controversiam
1073 2157 1128 2198 de
1160 2157 1398 2198 ordinibus
1439 2157 1801 2198 mendicantium
1833 2158 2162 2199 concernentia
2191 2161 2238 2198 et

375 2216 670 2256 illustrantia.
717 2216 904 2268 (Quibus
950 2216 976 2256 f.
1021 2213 1233 2255 77b—922
1276 2218 1464 2255 insertus
1506 2219 1574 2255 est
1615 2214 1832 2255 Guilelmi
1874 2217 1929 2256 de
1973 2216 2018 2257 S.
2065 2216 2236 2257 Amore

373 2274 616 2315 Tractatus
655 2273 943 2314 studentium
984 2272 1323 2314 Parisiensium
1365 2274 1421 2313 de
1470 2273 1688 2324 periculis
1729 2273 1955 2314 ecclesiae
1996 2273 2238 2314 imminen-

377 2331 538 2383 tibus.)

523 2390 549 2430 f.
588 2386 856 2429 14Ob—l45b
886 2388 1010 2429 Petri
1042 2388 1180 2439 episc.
1212 2388 1491 2428 Urbevetani
1524 2387 1765 2428 Tractatus
1798 2389 1854 2429 de
1885 2389 2108 2430 canonica
2137 2400 2239 2439 por-

378 2448 509 2488 tione
539 2446 791 2497 vulgariter
821 2447 943 2487 dicta
984 2450 1161 2497 quarta.
1199 2445 1369 2485 »Reven
1416 2449 1458 2486 in
1505 2445 1604 2487 Chr.
1647 2449 1754 2498 patri
1781 2477 1790 2487 .
1818 2480 1824 2486 .
1854 2479 1861 2487 .
1898 2450 2106 2498 episcopo
2136 2445 2242 2487 Nar-

382 2508 547 2546 niensi«
589 2505 631 2542 ><
667 2504 799 2544 »Vide
847 2505 900 2544 de
945 2505 1030 2543 hoc
1072 2504 1195 2555 plene
1236 2506 1279 2543 in
1312 2503 1494 2544 Summa
1525 2504 1654 2543 huius
1680 2535 1689 2544 .
1717 2535 1726 2543 .
1753 2535 1763 2544 .
1802 2504 1987 2555 Explicit
2032 2508 2239 2545 tractatus

382 2563 434 2603 de
461 2593 470 2603 .
498 2595 505 2602 .
533 2594 543 2603 .
568 2562 743 2614 (lacuna
774 2563 997 2602 evulsione
1031 2561 1174 2610 facta).

528 2620 554 2660 f.
594 2618 865 2661 14721—230b
896 2620 1135 2660 Tractatus
1162 2618 1432 2669 »Pauperis«
1457 2621 1619 2658 contra
1638 2618 1933 2669 insipientem
1953 2619 2243 2660 novellarum

380 2680 629 2719 haeresum
661 2677 959 2719 confictorem
990 2676 1111 2718 circa
1142 2676 1456 2728 evangelicam
1484 2675 1831 2730 perfectionem.
1869 2676 2003 2728 »Quis
2036 2677 2153 2717 dabit
2172 2688 2242 2717 ca-

382 2739 455 2788 piti
501 2748 600 2776 meo
645 2747 830 2789 aquam«
867 2738 909 2772 ><
944 2746 1070 2774 »cum
1113 2746 1198 2787 quo
1240 2738 1282 2774 et
1313 2734 1628 2785 triumphamus
1669 2737 1765 2785 ipso
1798 2738 2016 2785 prestante
2048 2737 2241 2775 omnium

387 2795 708 2845 triumphatore,
741 2796 837 2844 qui«
874 2797 951 2833 etc.
989 2792 1137 2844 »Expt
1170 2795 1402 2832 tractatus«
1437 2795 1514 2831 etc.
1548 2795 1596 2831 ut
1625 2803 1769 2842 supra.

527 2851 553 2891 f.
587 2848 854 2891 231·-378b
894 2850 1010 2901 Mag.
1052 2849 1282 2891 Johannis
1325 2850 1381 2889 de
1421 2849 1463 2889 S.
1506 2848 1679 2889 Amore
1729 2848 1962 2889 »Sciencia
1982 2850 2039 2889 ad
2072 2859 2244 2900 cogno-

386 2909 611 2949 scendum
641 2909 845 2959 pericula
875 2907 1071 2949 ecclesie
1115 2907 1360 2959 generaliS‚
1407 2918 1490 2958 que
1522 2918 1597 2958 per
1626 2909 1846 2958 ypocritas
1879 2907 2243 2958 pseudopredica-

385 2971 500 3006 tores
532 2970 807 3018 penetrantes
839 2966 997 3006 domos
1020 2969 1062 3005 et
1092 2968 1268 3005 ociosos
1295 2967 1580 3015 curiososque
1612 2968 1654 3004 et
1682 2967 1914 3015 girovagos
1947 2968 2172 3015 presentes
2204 2967 2247 3004 et

384 3024 553 3063 futuros
584 3024 795 3064 introduci
827 3024 966 3071 debet,
1000 3027 1042 3062 et
1073 3023 1126 3062 de
1158 3025 1294 3073 signis
1326 3032 1475 3061 eorum
1507 3025 1549 3061 et
1569 3022 1748 3073 qualiter
1776 3024 1897 3061 vitari
1929 3023 2088 3062 debent
2108 3025 2245 3061 eciam

386 3086 428 3121 et
458 3084 595 3132 puniri
621 3115 630 3124 .
657 3116 663 3121 .
692 3113 702 3122 .
728 3080 1001 3132 Sapienciam
1033 3083 1307 3131 antiquorum
1330 3082 1524 3119 omnium
1546 3081 1763 3131 exquiret«
1786 3079 1830 3115 ><
1851 3082 1924 3119 »ut
1939 3080 2090 3131 legitur
2108 3078 2244 3120 Math.

386 3140 574 3178 ultimo«
609 3139 739 3188 (rubr.
755 3141 783 3187 z)
818 3139 892 3178 »A'.
927 3138 967 3178 d.
1003 3136 1113 3178 1458
1145 3138 1424 3177 exaltacionis
1456 3140 1635 3177 crucis«
1670 3136 1910 3185 (Fabricius
1933 3139 2247 3176 commemorat

387 3207 475 3236 non
506 3195 748 3236 Johannem
781 3196 860 3235 sed
892 3195 1172 3236 Guilelmum
1203 3195 1259 3234 de
1290 3194 1333 3234 S.
1366 3194 1550 3245 Amore,
1592 3197 1663 3246 qui
1695 3205 1807 3245 opus
1830 3195 1913 3233 hoc
1936 3197 2245 3246 repastinatum

387 3254 443 3293 ad
477 3253 741 3294 Clementem
773 3253 829 3292 IV
859 3256 1006 3302 misit.)

1284 3399 1352 3432 360
