2476 3782
1294 304 1307 342 l
1317 303 1402 343 635

554 436 679 489 1635
964 439 1104 488 VIII.
1143 439 1209 488 H.
1249 440 1329 489 17.
1368 451 1426 495 (Y.
1452 451 1479 484 I.
1505 452 1538 485 2.
1562 462 1595 484 n.
1624 453 1716 494 137.)

413 517 664 558 membran.
696 530 811 559 saec,
843 518 1194 573 XII—XIIIff
1226 522 1310 562 154
1340 533 1478 570 num„
1509 522 1561 562 21
1571 523 1613 562 ·5
1627 522 1742 562 ><14
1763 534 1846 562 cm.
1873 522 1915 563 d.
1939 534 1999 563 m.

557 597 584 637 f.
623 599 803 639 12—622
835 600 1051 642 Martiani
1080 601 1222 643 Minci
1251 602 1420 644 Felicis
1452 602 1667 653 Capellae
1698 602 1765 643 De
1795 602 1971 654 nuptiis
1991 602 2275 655 Philologiae

414 658 459 695 et
489 655 705 696 Mercurii
735 658 840 698 libri
870 658 932 699 IX
962 671 1068 700 cum
1099 659 1224 700 notis
1254 660 1584 712 marginalibus
1617 663 1663 702 et
1692 659 2079 701 interlinearibus.
2180 676 2182 679 >

559 713 587 753 f.
619 711 834 755 62b——73a
865 719 1077 767 (anepigr.)
1107 717 1348 759 Tractatus
1380 720 1436 759 de
1458 719 1669 770 sphaera.
1704 718 1924 759 »Mundus
1945 721 2071 769 igitur
2093 729 2149 758 ex
2170 729 2274 770 qua-

415 774 512 810 tuor
542 772 790 812 elementis‹
830 775 880 825 ><
917 779 1017 815 >aut
1047 776 1329 826 retrogradari
1361 777 1500 817 facit«
1537 775 1680 829 (Opus
1712 777 1861 816 hocin
1884 776 2142 816 bibliotheca
2172 777 2276 816 Am-

414 829 617 879 ploniana
646 853 703 859 —-
735 830 899 871 Schum
932 845 972 884 p.
1007 833 1090 873 776
1121 856 1179 861 -
1209 835 1475 874 inscribitur:
1513 833 1802 885 »Astrologia
1830 832 2024 885 Arati‹.)

558 887 584 927 f.
619 887 834 928 74a-74b
865 888 1003 930 Notae
1033 894 1190 932 variae.

558 945 584 984 f.
619 945 860 987 752—1021‘
891 948 1073 988 Boethii
1104 948 1170 990 De
1202 950 1523 990 consolatione
1554 948 1876 1000 philosophiae
1906 948 2011 989 libri
2031 948 2086 989 V.
2121 946 2277 990 »Tem-

415 1014 518 1053 pore
549 1002 808 1044 Theoderici
840 1009 953 1057 regis
994 1010 1178 1058 insignis
1221 1011 1374 1048 auctor
1419 1007 1598 1047 Boetius
1644 1008 1900 1047 claruit...
1955 1005 2159 1048 Carmina
2203 1009 2278 1059 qui

414 1061 662 1112 quondam«
700 1063 751 1113 ><
789 1068 973 1104 »cuncta
1003 1067 1258 1104 cernentis«

557 1119 584 1159 f.
623 1119 883 1160 1032—154·
912 1122 1048 1162 Alani
1079 1123 1134 1162 ab
1165 1122 1337 1162 Insulis
1368 1122 1753 1163 Anticlaudianus
1785 1134 1891 1163 cum
1936 1122 2063 1163 notis
2109 1121 2278 1174 margi·

413 1176 597 1216 nalibus
633 1182 678 1217 et
709 1178 1096 1220 interlinearibus.
1132 1180 1268 1221 »Cum
1301 1180 1494 1220 fulminis
1524 1183 1711 1232 impetus
1739 1213 1746 1220 .
1775 1215 1782 1221 .
1810 1213 1817 1219 .
1843 1182 2044 1220 Auctoris
2076 1179 2277 1220 mendico

415 1235 583 1274 stilum«
625 1236 674 1285 ><
711 1242 838 1287 »post
868 1237 956 1277 fata
987 1239 1139 1279 silebit.
1172 1238 1296 1290 Expl.
1330 1238 1601 1278 Antirufinus
1635 1241 1725 1277 sive
1757 1237 2116 1278 Anticlaudianus
2146 1248 2278 1278 vene-

415 1292 560 1331 rabilis
593 1293 717 1332 Alani
750 1294 803 1333 de
836 1294 993 1336 Christi
1024 1299 1357 1336 incarnatione«

551 1352 595 1388 In
627 1356 798 1400 margine
846 1355 870 1392 f.
909 1356 1011 1391 154ει
1041 1357 1139 1392 haec
1184 1360 1278 1392 nota
1323 1367 1442 1391 manu
1486 1366 1588 1393 saec.
1620 1355 1713 1391 XIV
1743 1356 1888 1402 scripta
1917 1355 2106 1392 occurrit:
2169 1352 2276 1402 »Ego

412 1409 516 1455 Mag.
548 1410 748 1448 Johannes
781 1414 828 1448 de
858 1413 1099 1460 Eldagessen
1131 1425 1219 1450 cum
1251 1414 1370 1450 istum
1400 1413 1541 1450 librum
1575 1413 1794 1459 reciperem,
1827 1413 1964 1459 scripsi
1996 1413 2045 1448 ad
2078 1413 2277 1459 quandam

413 1468 593 1504 cedulam
625 1479 686 1504 me
716 1469 847 1516 ipsum
877 1472 1085 1518 recepisse,
1119 1476 1155 1508 et
1187 1482 1275 1507 cum
1306 1472 1449 1507 librum
1481 1471 1600 1507 istum
1631 1471 1769 1507 vellem
1789 1481 1986 1517 reponere,
2019 1470 2162 1506 cedula
2181 1480 2276 1517 que-

413 1526 580 1568 rebatur,
628 1531 671 1562 ut
702 1528 973 1575 abstergerem,
1035 1532 1140 1576 quod
1173 1531 1420 1575 scripseram,
1482 1539 1562 1564 non
1595 1532 1723 1564 autem
1756 1532 1905 1574 poterat
1933 1528 2112 1565 inveniri.
2173 1526 2275 1574 Ergo

415 1583 553 1630 scripsi
583 1584 667 1632 hec,
701 1589 743 1621 ut
775 1586 933 1631 sciatur,
980 1591 1023 1622 ut
1053 1588 1107 1634 id,
1155 1589 1261 1633 quod
1291 1597 1524 1632 receperam,
1566 1588 1669 1633 apud
1701 1597 1761 1622 me
1791 1597 1870 1622 non
1902 1587 2168 1623 remanserit.‹
2230 1584 2276 1621 In

414 1639 479 1676 fol.
513 1641 727 1687 praeligato
760 1648 852 1679 sunt
883 1649 998 1680 notae
1030 1645 1161 1681 variae
1192 1645 1331 1691 partim
1373 1645 1423 1680 ad
1455 1643 1657 1691 Capellam
1697 1648 1734 1680 et
1774 1654 1873 1690 opus
1914 1645 1998 1679 eius
2039 1646 2274 1690 spectantes.

555 1742 682 1795 1636
970 1745 1107 1794 VIII.
1147 1745 1213 1794 H.
1250 1745 1330 1793 18.
1370 1755 1429 1799 (Y.
1454 1755 1481 1788 Ι.
1507 1756 1540 1788 2.
1558 1764 1592 1787 n.
1611 1755 1682 1796 64.)

413 1822 556 1863 chart.
589 1835 631 1863 a.
664 1825 774 1866 1471
796 1825 861 1877 ff
893 1827 991 1875 203,
1022 1827 1259 1867 21·5><15
1287 1838 1370 1867 cm.
1390 1827 1414 1866 1
1450 1838 1510 1865 m.
1549 1837 1652 1865 cum
1683 1825 1774 1865 init.
1800 1824 1903 1877 pict.

778 1906 920 1958 (Petri
950 1907 1167 1948 Eliaede
1199 1907 1333 1959 Riga)
1364 1906 1636 1947 Priscianus
1667 1906 1901 1947 metricus.

557 1963 584 2003 f.
624 1965 669 2002 la
705 1963 852 2004 »Sicut
881 1966 937 2004 ab
969 1977 1070 2005 esse
1103 1968 1161 2004 rei
1194 1967 1306 2004 soliti
1337 1977 1427 2004 rem
1462 1976 1659 2016 promere
1692 1964 1862 2004 dicunt«
1898 1963 1942 2000 ><
1974 1963 2002 2004 f.
2034 1960 2140 2004 20312
2187 1961 2278 2004 »Si-

414 2020 517 2060 dera
548 2022 675 2072 polus
707 2022 789 2061 hec
820 2025 862 2062 in
893 2022 1080 2075 Vergilio
1112 2026 1365 2075 reperimus.
1406 2023 1594 2074 Explicit
1635 2022 1879 2062 Priscianus
1910 2034 1947 2062 a.
1982 2022 2023 2061 d.
2059 2018 2167 2062 1471
2199 2020 2275 2061 fer.

414 2077 469 2118 JV
500 2083 745 2131 temporum
777 2084 963 2132 quatuor
991 2082 1256 2133 yeiunalium
1289 2083 1331 2120 in
1364 2080 1546 2120 Zaczz.‹<

557 2138 750 2185 Operculo
796 2151 923 2187 super.
972 2142 1185 2188 adligatum
1227 2145 1285 2177 est
1331 2140 1591 2187 fragmentum
1638 2140 1797 2176 membr.
1844 2140 1992 2176 codicis
2033 2149 2138 2175 saec.
2182 2135 2277 2176 XIII

412 2197 587 2242 psalmos
620 2199 868 2235 continentis.

555 2297 687 2350 1637
970 2299 1108 2349 VIII.
1146 2300 1215 2349 II.
1252 2300 1332 2348 19.
1371 2309 1430 2349 (Y.
1455 2310 1482 2341 1.
1512 2311 1540 2342 ι.
1566 2309 1714 2349 n.124.>

413 2390 665 2430 membran.
698 2403 814 2432 sace.
846 2391 969 2432 XIII
976 2392 1037 2446 ff
1072 2391 1141 2441 72,
1170 2392 1406 2433 20·5><13
1436 2403 1518 2431 cm.
1547 2391 1588 2431 d.
1620 2403 1678 2432 m.

566 2469 693 2511 Petri
723 2471 851 2513 Eliae
873 2473 948 2525 (de
969 2473 1101 2525 Riga)
1133 2473 1404 2514 Priscianus
1437 2472 1662 2513 metricus
1693 2471 1915 2518 (volumen
1947 2472 2120 2519 maius).

552 2529 579 2568 f.
618 2530 662 2568 1a
694 2530 864 2581 (initium
896 2536 1025 2580 operis
1058 2534 1184 2580 deest)
1249 2531 1370 2583 »Que
1417 2534 1588 2571 veteres
1635 2541 1821 2582 posuere
1863 2528 1946 2568 sibi
1976 2529 2045 2568 vel
2073 2527 2277 2569 vendicat

413 2597 550 2625 usus«
586 2590 640 2634 ><
672 2588 699 2628 f.
733 2588 812 2627 72a
847 2600 1026 2628 »omnes
1068 2590 1338 2640 primiciales.
1401 2588 1587 2640 Explicit
1631 2588 1735 2627 liber
1779 2586 1922 2626 bonus
1968 2589 2011 2625 et
2055 2588 2275 2626 correctus

413 2643 522 2683 Petri
552 2644 715 2697 Helye«
751 2645 863 2694 (Hac
897 2648 1214 2698 subscriptione
1246 2649 1410 2698 liquore
1444 2646 1637 2697 quodam
1668 2647 1814 2685 vitiata
1844 2646 2080 2696 sequitur:)
2145 2641 2274 2683 ›Gra-

413 2712 519 2741 num
552 2702 603 2755 (?)
638 2703 840 2743 Prisciani
874 2705 1063 2744 doctoris
1095 2708 1137 2744 in
1169 2708 1258 2744 arte
1289 2707 1573 2755 grammatica
1605 2703 1687 2742 sub
1718 2702 1857 2742 forma
1892 2704 2069 2741 metrica
2099 2711 2276 2752 compo-

414 2762 544 2798 situm
577 2762 787 2811 explicit«

558 2820 658 2856 Nota
689 2821 729 2856 in
762 2823 946 2867 operculo
977 2820 1111 2859 infer.:
1178 2821 1306 2867 »Mag
1354 2820 1548 2856 Martinus
1595 2821 1642 2855 de
1689 2819 1879 2855 Poczatek
1919 2818 2046 2855 finivit
2076 2818 2103 2854 4
2132 2817 2274 2854 librum

414 2877 654 2923 phisicorum
700 2878 765 2914 fer.
812 2878 866 2914 IV
911 2881 951 2915 in
997 2879 1259 2915 translacione
1311 2890 1341 2919 s,
1391 2878 1618 2914 Wenceslai
1664 2888 1698 2913 a.
1731 2879 1768 2913 d.
1805 2876 1952 2912 1491.«
2016 2875 2141 2912 Vetus
2172 2876 2272 2922 sign.

555 3048 681 3101 1638
967 3049 1107 3098 VIII.
1146 3048 1212 3098 H.
1249 3048 1328 3097 20.
1368 3059 1426 3101 (Y.
1445 3058 1510 3091 III.
1528 3058 1560 3091 4.
1585 3068 1619 3090 n.
1639 3058 1709 3100 21.)

415 3128 558 3168 chart.
590 3142 707 3170 saec.
739 3130 830 3171 XV
853 3131 983 3184 (pars
1012 3142 1054 3170 a.
1087 3129 1220 3182 1453)
1250 3130 1299 3182 ff.
1331 3129 1432 3178 257,
1462 3129 1519 3168 22
1538 3128 1590 3179 ><
1609 3128 1665 3168 16
1694 3139 1777 3168 cm.
1810 3127 1850 3167 d.
1882 3138 1942 3167 m.

557 3211 581 3249 f.
622 3210 831 3251 12—21610
862 3212 909 3254 P.
941 3211 1096 3252 Ovidii
1126 3210 1331 3252 Nasonis
1362 3209 1799 3259 Metamorphoseon
1828 3207 1932 3247 libri
1952 3205 2038 3247 XV
2068 3217 2175 3247 cum
2203 3215 2275 3246 ra-

413 3266 479 3306 ris
510 3269 683 3319 glossis
714 3269 1099 3310 interlinearibus.

1312 3416 1378 3448 606
