2476 3782
1128 257 1207 297 136

374 395 400 437 f.
434 395 647 436 712—722
683 398 819 443 (manu
849 398 1072 444 recentiori)
1106 394 1334 447 »Sequitur
1364 396 1510 435 tabula
1541 407 1673 447 super
1700 397 1927 438 Rosarium
1947 398 2100 447 1495«,

230 464 317 507 qua
346 454 548 494 absoluta
577 464 686 494 voce
722 453 932 494 »locutio«
967 454 1222 504 compilator
1251 453 1392 492 addit:
1429 452 1616 505 »Scripsi
1648 459 1859 506 quantum
1892 459 2095 507 repperi.‹

228 511 341 552 Ante
373 511 399 552 f.
434 511 482 552 71
521 515 563 551 et
593 514 694 562 post
726 510 779 550 72
810 513 974 563 aliquot
1003 511 1104 550 folia
1136 515 1238 550 sunt
1269 513 1429 551 excisa.
1531 541 1534 544 .

373 569 399 609 f.
435 565 678 609 730—24212
716 568 966 610 Sermones
1006 568 1126 608 varii
1167 571 1227 616 (in
1259 568 1346 607 fine
1378 571 1533 616 manci,
1567 570 1724 620 quibus
1757 573 1923 622 passim
1954 595 2011 598 —
2032 583 2098 610 ex.

227 637 288 678 gr.
321 626 348 667 f.
387 626 461 668 191
499 630 542 666 et
576 625 656 667 195
686 650 744 654 —
773 629 999 679 inspersae
1041 630 1144 666 sunt
1189 626 1244 665 ab
1276 628 1382 677 ipsis
1414 628 1665 666 auctoribus
1695 639 1839 668 voces
1871 627 1964 668 imo
1997 640 2099 669 sen-

226 683 400 726 tentiae
431 683 736 736 bohemicae).

371 798 468 852 134
1033 799 1073 847 I.
1114 799 1163 848 C.
1202 798 1284 858 42.

227 891 372 933 chart.
402 905 520 934 saeC.
553 892 671 933 XVI
683 892 748 945 ff.
780 893 863 934 171
899 905 1036 938 num„
1068 892 1256 932 28><21
1291 903 1375 931 cm.
1408 891 1437 931 2
1467 904 1527 932 m.

369 972 561 1015 Missale
592 976 659 1023 (ut
687 974 856 1014 videtur
888 985 980 1014 sec.
1012 973 1245 1013 rubricam
1276 972 1478 1024 archiep.
1510 972 1795 1024 Pragensis).

370 1030 396 1071 f.
436 1033 479 1072 1³²
513 1032 750 1084 »Incipiunt
780 1032 1139 1083 praephationes«
1175 1034 1295 1079 (cum
1327 1033 1442 1070 notis
1474 1033 1685 1079 musicis).

370 1088 396 1129 f.
436 1090 507 1130 14²
543 1089 656 1130 Nota
699 1093 918 1141 scriptoris
960 1090 1199 1129 rubricata:
1251 1087 1388 1128 »Huic
1434 1089 1531 1128 loco
1572 1088 1722 1127 aderat
1761 1088 1955 1129 Joannes
1984 1090 2101 1131 Kord

225 1143 523 1188 Trebonensis
554 1160 592 1189 a.
627 1148 666 1187 d.
705 1146 854 1188 1551«.

363 1217 588 1266 Sequuntur
619 1221 767 1267 aliquot
798 1220 890 1256 folia
921 1221 1120 1266 quaternis
1152 1219 1267 1255 lineis
1298 1219 1424 1254 rubris
1448 1219 1515 1254 sed
1541 1219 1678 1254 vacuis
1701 1219 1908 1265 instructa,
1931 1230 2097 1265 quorum

193 1323 195 1326 ι
225 1275 381 1314 duobus
412 1277 456 1323 (f.
493 1278 541 1315 15
574 1276 611 1316 81
646 1279 715 1325 16)
747 1279 875 1314 scriba
916 1277 1076 1324 quidam
1122 1278 1331 1313 modernus
1378 1276 1585 1323 epistolam
1627 1281 1663 1312 et
1710 1287 1852 1322 evang.
1899 1279 2098 1323 quoddam

222 1333 340 1371 inseri
370 1335 432 1373 sit.

342 1345 397 1430 pf.
435 1390 675 1433 172—171b
713 1391 882 1432 Textus
914 1392 1105 1430 missalis
1137 1391 1191 1430 ab
1224 1391 1357 1430 altero
1390 1390 1532 1430 scriba
1564 1394 1782 1429 exaratus.

362 1461 421 1499 Ex
451 1464 544 1502 bibl.
578 1475 719 1503 canon.
753 1475 831 1510 reg.
865 1475 898 1501 S.
929 1463 1032 1510 Aug.
1064 1462 1320 1499 Trebonensi.

365 1574 455 1628 135
1013 1577 1049 1625 I.
1098 1575 1147 1625 C.
1186 1576 1266 1625 43.

223 1667 369 1709 chart.
399 1681 517 1710 saec.
548 1669 640 1710 XV
664 1670 793 1723 (pars
825 1683 867 1710 a.
898 1668 1115 1722 1421)ff.
1149 1670 1238 1710 195
1263 1682 1402 1721 num„
1433 1670 1487 1710 31
1509 1651 1626 1708 ><‘22
1655 1681 1739 1709 cm.
1773 1669 1801 1709 2
1832 1681 1890 1709 m.

368 1749 394 1790 f.
433 1748 643 1791 12—15312
674 1751 925 1803 (Johannis
957 1751 1334 1803 chrysostomi?)
1374 1750 1620 1801 Expositio
1652 1750 1883 1801 evangelii
1915 1762 1952 1790 s.
1985 1751 2100 1792 Mat-

222 1807 347 1848 thaei
378 1819 476 1859 cap.
512 1808 664 1849 1-23.
685 1808 832 1850 »Sicut
863 1809 1063 1858 referunt,
1095 1808 1319 1849 Matheum
1352 1809 1626 1849 conscribere
1659 1810 1932 1860 evangelium
1965 1821 2100 1849 causa

224 1867 404 1906 contulit
433 1868 553 1907 talis«
591 1901 598 1907 .
634 1899 642 1906 .
678 1901 685 1908 .
720 1869 763 1906 ><
798 1869 890 1908 »alii
921 1871 1067 1907 autem
1096 1868 1398 1919 persingulas
1431 1869 1678 1918 provincias
1711 1867 1895 1918 dispersi
1919 1872 2022 1907 sunt
2053 1872 2100 1907 ut

224 1926 410 1975 perirent
439 1928 482 1964 et
512 1927 675 1975 siclest
704 1925 874 1975 finis(?)
906 1930 984 1966 etc.
1019 1925 1099 1967 Cui
1130 1927 1271 1965 honor
1301 1929 1343 1965 et
1374 1925 1536 1964 decus«
1574 1959 1580 1965 .
1617 1956 1624 1963 .

362 1995 655 2043 Expositionem
697 1999 799 2034 hanc
839 2008 1048 2046 possessor
1087 1998 1175 2034 libri
1218 2007 1321 2034 saec.
1363 1996 1437 2032 XV
1478 1998 1714 2032 intrinsecus
1758 2007 1885 2042 opere.
1919 2007 2005 2043 sup.
2040 2007 2098 2032 re—

223 2055 344 2100 gistro
374 2055 559 2092 instruxit
585 2058 801 2092 secundum
833 2057 1037 2103 pericopas
1069 2067 1088 2091 e
1119 2055 1318 2092 Matthaeo
1350 2065 1416 2102 per
1437 2055 1626 2090 circulum
1654 2056 1745 2090 anni
1767 2055 1977 2100 legendas;
2011 2056 2098 2090 ideo

223 2113 264 2148 in
296 2110 484 2149 schedula
514 2115 699 2160 operculo
722 2125 808 2161 sup.
842 2115 1087 2160 adglutinata
1117 2114 1284 2150 occurrit
1315 2113 1450 2149 titulus
1483 2113 1632 2148 codicis
1665 2115 1793 2148 minus
1826 2112 2099 2161 iustusgSer-

226 2179 361 2206 mones
407 2171 454 2206 de
494 2176 664 2219 tempore
706 2178 742 2209 et
784 2174 830 2208 de
872 2174 1033 2208 sanctis.
1075 2171 1167 2208 Post
1207 2171 1232 2208 f.
1281 2171 1358 2207 153
1407 2175 1623 2218 sequuntur
1663 2170 1814 2217 aliquot
1845 2170 1937 2206 folia
1970 2182 2093 2206 vacua

225 2237 305 2264 non
336 2239 443 2266 num.

368 2295 396 2335 s.
434 2294 701 2337 1542—1941’
733 2297 984 2338 Sermones
1025 2297 1200 2347 aliquot
1240 2296 1295 2336 de
1337 2296 1583 2336 animabus
1626 2298 1672 2335 et
1712 2295 1766 2335 de
1799 2295 2099 2335 dedicatione.

223 2352 270 2394 In
301 2351 388 2394 fine
420 2355 556 2395 rubr.:
605 2355 812 2407 ·Explicit
841 2368 878 2395 a.
914 2356 953 2394 d.
991 2354 1126 2395 1421«
1162 2355 1335 2403 (eadem
1359 2365 1493 2394 manu
1524 2355 1787 2393 rubricatum
1819 2356 1861 2392 in
1893 2355 2098 2404 operculo

225 2410 322 2451 inf.:
360 2411 551 2453 »finitum
585 2414 667 2453 sub
699 2425 735 2454 a.
771 2414 812 2454 d.
851 2414 953 2454 1421
993 2417 1185 2464 ternpore
1217 2411 1653 2464 Wyklefflstarum«).

369 2469 396 2510 f.
436 2470 515 2511 195
547 2470 700 2512 Sermo
733 2472 786 2511 de
818 2483 998 2523 corpore
1032 2471 1190 2512 Christi
1222 2473 1282 2520 (in
1315 2470 1400 2510 fine
1434 2473 1651 2518 mancus).

364 2541 460 2579 Fata
490 2543 638 2580 codicis
670 2545 743 2579 hae
784 2548 900 2580 notae
943 2544 1159 2579 illustrant:
1208 2543 1246 2578 in
1279 2542 1400 2579 fronte
1433 2542 1456 2578 f.
1495 2543 1537 2578 1.
1575 2543 1713 2577 »detur
1745 2543 1904 2577 domino
1939 2540 2092 2586 Symul-

225 2599 359 2636 koni.«
394 2599 633 2637 Intrinsecus
665 2612 793 2648 opere.
826 2602 957 2639 insen:
1005 2602 1093 2638 »fen
1138 2601 1191 2636 IV
1216 2601 1424 2647 Apollonie
1463 2600 1647 2636 dominus
1690 2600 1882 2645 Symulka
1913 2609 2096 2635 accomo-

225 2657 336 2694 davit
367 2658 459 2695 mihi
501 2659 643 2696 librum
684 2660 828 2696 huno«
876 2660 948 2696 »A.
992 2662 1029 2696 d.
1069 2659 1174 2695 1458
1207 2664 1297 2705 post
1328 2658 1394 2694 fer.
1427 2658 1481 2694 IV
1514 2662 1601 2693 ante
1634 2657 1736 2693 Galli
1768 2659 1871 2693 dom.
1907 2656 2097 2702 Symulka

226 2715 332 2752 dedit
362 2716 455 2752 mihi
496 2717 601 2754 hunc
641 2718 795 2763 librum,
838 2723 880 2754 ut
911 2728 1061 2754 orarem
1102 2719 1217 2753 deum
1261 2727 1328 2763 pro
1362 2727 1408 2752 eo
1440 2721 1477 2752 et
1507 2717 1582 2751 hoc
1615 2716 1707 2751 volo
1739 2716 1903 2752 libenter
1934 2715 2095 2758 facere‚«

229 2772 321 2811 »fen
360 2773 415 2810 IV
455 2779 545 2821 post
586 2775 778 2812 Leonardi
819 2781 996 2812 mortuus
1038 2780 1108 2820 est,
1151 2777 1369 2822 requiescat
1399 2776 1439 2810 in
1471 2784 1606 2820 pace«
1655 2773 1717 2809 Ad
1749 2774 1897 2809 calcem
1927 2773 2100 2808 eiusdem

227 2832 421 2878 operculi:
459 2832 676 2870 »Dominus
708 2833 919 2880 Gregorius
951 2834 1179 2880 capellanus
1211 2835 1258 2869 de
1291 2832 1466 2879 Pyesska
1497 2832 1615 2867 istum
1646 2832 1787 2867 librum
1820 2831 2098 2876 comparavit.«

226 2887 270 2924 In
301 2888 425 2926 fronte
457 2891 523 2928 fol.
561 2892 576 2927 1
617 2903 734 2928 manu
766 2894 933 2929 recenti:
974 2891 1226 2927 »Monasterii
1258 2890 1595 2926 Borovanensis«.

367 3001 455 3056 136
1013 3005 1052 3053 I.
1094 3003 1143 3053 C.
1182 3003 1262 3051 44.

227 3095 372 3136 chart.
402 3109 518 3138 saec.
550 3098 642 3139 XV
656 3097 721 3150 ss.
754 3098 852 3148 154,
882 3099 940 3139 28
961 3098 997 3140 ><
1017 3099 1074 3139 20
1105 3111 1187 3139 cm.
1225 3098 1243 3138 l
1279 3110 1337 3138 m.

370 3177 611 3220 Tractatus
643 3179 699 3220 de
730 3179 1012 3229 poenitentia
1045 3180 1119 3231 (z
1147 3179 1339 3220 Summa
1359 3178 1414 3218 de
1438 3176 1723 3229 poenitentia
1752 3173 2009 3215 Innocentii
2041 3171 2102 3212 1V

228 3235 296 3275 vel
327 3239 470 3287 potius
502 3237 703 3278 Thomae
735 3238 791 3278 de
823 3237 1062 3289 Cabham).

286 3377 488 3415 TRUHLAR:
515 3386 584 3414 cat.
605 3385 675 3412 cod.
698 3385 759 3411 iat.
1149 3386 1193 3418 49
1900 3380 1914 3405 4
