2476 3782
1296 320 1401 360 1317

555 456 693 508 1317
1198 454 1304 505 VII.
1341 455 1398 505 E.
1436 456 1517 505 27.

414 549 557 590 chart.
589 560 706 589 saec.
736 546 825 588 XV
847 548 899 602 ff.
933 549 989 590 73
1017 560 1155 597 num„
1187 548 1357 601 20·5><
1377 550 1436 590 15
1450 561 1531 589 cm.
1563 549 1587 589 1
1622 560 1681 589 m.

567 630 593 669 f.
632 629 813 670 1²³1—-31a
844 629 1029 670 Martini
1061 629 1308 670 minoritae
1339 630 1498 671 Flores
1529 634 1792 681 temporum
1835 629 1951 678 (»vel
1992 632 2195 680 excerpta
2225 628 2279 669 de

418 690 604 727 cronicis
653 691 695 727 et
736 688 889 741 dicitur
931 691 1105 727 cronica
1148 686 1432 728 Martimiani‹
1467 711 1524 716 —
1556 688 1634 727 sed
1676 687 1800 735 falso,
1848 686 1901 727 cf.
1946 686 2163 735 Potthast)
2193 697 2279 727 seu

416 744 669 785 chronicon
710 745 1042 796 imperatorum
1083 748 1129 785 et
1174 745 1447 795 pontificum
1493 746 1550 785 ad
1597 745 1814 786 Carolum
1853 744 1915 784 IV
1945 744 2279 785 continuatum.

419 803 586 842 »Prima
627 807 720 843 etas
763 804 954 844 duravit«
991 804 1033 841 ><
1071 806 1382 843 »communiter
1425 803 1645 843 diffidavit.
1689 803 1873 854 Explicit
1905 805 2156 854 excerptum
2188 813 2280 842 cro-

415 871 547 900 mee«

556 918 582 958 f.
616 917 833 958 312—31b
865 919 984 958 Aliae
1016 922 1144 959 notae
1177 918 1420 959 historicae.

553 975 581 1016 f.
614 974 830 1016 32a-35b
861 976 1103 1017 Tractatus
1135 975 1190 1015 de
1222 975 1310 1016 fide
1343 976 1572 1017 catholica
1603 980 1649 1016 et
1689 976 1743 1015 de
1775 974 2094 1015 sacramentis.
2143 974 2282 1027 »Quia

416 1036 508 1073 sine
541 1033 628 1073 fide
660 1037 877 1074 neminem
911 1038 1113 1074 convenit
1153 1035 1332 1074 salvari«
1373 1037 1412 1071 ><
1451 1037 1564 1086 »pari
1597 1046 1709 1085 pena
1742 1037 1844 1072 sunt
1875 1033 2095 1084 puniendi.
2155 1032 2279 1085 Expl.

416 1094 533 1131 tract.
584 1092 637 1131 de
679 1091 765 1131 fide
811 1093 921 1132 cath.
966 1097 1007 1132 et
1053 1093 1106 1132 de
1148 1095 1473 1133 sacramentis«
1519 1091 1767 1140 (Tractatus
1800 1091 1854 1130 de
1886 1091 1971 1131 fide
2004 1092 2197 1130 maxima
2226 1101 2282 1130 ex

417 1153 535 1200 parte
567 1150 805 1189 concordat
845 1161 944 1190 cum
987 1149 1280 1191 Catechismo
1322 1149 1564 1190 bohemico
1609 1149 1668 1189 M.
1714 1148 1944 1189 Johannis
1989 1148 2103 1198 Hus,
2150 1159 2280 1200 quem

418 1207 551 1246 edidit
583 1206 785 1259 Palacky,
820 1207 1004 1248 Docum.
1039 1207 1155 1257 703.)

555 1265 581 1304 f.
614 1265 668 1304 37
701 1266 889 1318 (anepigr.
923 1269 999 1304 alia
1039 1268 1176 1314 manu)
1222 1267 1321 1307 List
1361 1266 1421 1306 ke
1462 1259 1539 1306 νέἰ
1578 1264 1681 1304 obci
1725 1275 1752 1304 o
1783 1260 1981 1304 bll'zkem
2021 1258 2283 1315 poslednim

418 1323 582 1363 soudu.
621 1322 790 1363 »Milost
821 1327 944 1363 otcze
976 1324 1374 1364 wsemohuczeho«
1410 1325 1454 1362 ><
1489 1322 1746 1374 ›wsiczkny
1777 1333 1942 1374 werny.
1975 1320 2280 1373 Napomynam

418 1392 514 1420 was
547 1392 624 1432 pro
655 1392 814 1432 gmeno
848 1382 971 1420 bozie
1003 1382 1091 1433 aby
1122 1385 1239 1422 tento
1272 1384 1341 1422 list
1372 1383 1427 1422 bil
1459 1391 1674 1420 oznamen
1707 1391 1808 1431 wsy
1838 1380 2021 1431 obczy.«

555 1438 581 1478 f.
615 1437 831 1478 3821—-72a
862 1439 1043 1490 (Jacobi
1065 1439 1119 1479 de
1141 1440 1279 1491 Misa)
1301 1439 1541 1480 Tractatus
1565 1439 1619 1478 de
1637 1437 1966 1478 communione
1983 1437 2069 1477 sub
2085 1439 2281 1487 utraque

418 1496 571 1546 specie
603 1500 765 1536 contra
804 1497 1129 1537 conclusiones
1172 1499 1413 1538 doctorum
1456 1495 1904 1537 Constantiensium.
1972 1494 2135 1534 »Prima
2179 1505 2279 1534 con·
2333 1521 2335 1523 ·

419 1555 584 1595 clusio:
618 1554 787 1596 Cristus
820 1558 920 1605 post
951 1566 1105 1595 cenam
1137 1559 1217 1596 etc.
1250 1555 1601 1595 Fundamentum
1633 1553 1772 1593 aliud«
1811 1553 1855 1590 ><
1890 1553 1995 1592 »illic
2026 1555 2068 1592 et
2089 1554 2282 1592 minister

419 1622 545 1650 meus
578 1615 665 1651 erit.
713 1612 836 1664 Expl.
881 1613 1188 1652 conclusiones
1232 1614 1285 1652 de
1333 1612 1598 1653 Constancia
1628 1614 1778 1651 contra
1809 1612 2165 1651 communionem
2197 1609 2280 1649 sub

418 1673 599 1720 utraque
632 1673 777 1720 specie
810 1674 851 1709 et
882 1674 1193 1720 responsiones
1225 1671 1281 1710 ad
1314 1682 1414 1710 eas«
1442 1704 1450 1710 .
1477 1704 1482 1710 .
1510 1700 1517 1708 .
1542 1669 1671 1722 (opus
1693 1671 1905 1719 integrum
1938 1668 2034 1707 edit.
2058 1666 2197 1707 Hardt
2216 1665 2279 1714 ΙΙΙ,

418 1727 496 1766 591
536 1732 829 1824 {mma—73³1
867 1785 1204 1826 ›Auctoritates
1242 1786 1432 1826 collecte
1478 1784 1623 1835 Prage
1670 1795 1697 1823 a
1741 1783 1978 1834 magistris
2009 1785 2057 1822 et
2087 1781 2144 1823 ad
2174 1792 2281 1822 con-

419 1841 574 1882 cilium
608 1842 977 1883 Constanciense
1008 1843 1179 1885 directe
1226 1855 1263 1884 a.
1310 1842 1419 1883 1417
1450 1846 1559 1893 post
1588 1841 1762 1882 festum
1791 1843 2115 1892 pentecostes«
2152 1838 2281 1891 (frag-

419 1904 643 1949 mentum).

557 1958 584 1997 f.
619 1956 834 1998 73a—73b
856 1960 1063 2008 (anepigr.)
1084 1958 1397 2010 Promulgatio
1419 1961 1617 2009 quatuor
1637 1956 1942 1997 articulorum
1962 1954 2282 2006 Pragensium.

424 2013 610 2055 »Notum
643 2019 698 2055 sit
729 2017 933 2056 omnibus
965 2016 1353 2057 Christifidelibus‹
1390 2018 1432 2054 ><
1469 2017 1794 2067 »paratissimos
1827 2014 2123 2053 exhibemus«

561 2076 821 2122 Praeligatum
863 2081 921 2112 est
961 2077 1218 2123 fragmentum
1260 2077 1418 2114 membr.
1462 2077 1610 2112 codicis
1659 2074 1788 2120 liturg.
1832 2084 1935 2111 saec.
1977 2072 2081 2120 XIV,
2122 2074 2163 2109 in
2204 2082 2282 2119 quo

421 2138 630 2169 occurrunt
662 2136 852 2180 quaedam
886 2127 1190 2181 benedictiones,
1222 2134 1313 2170 item
1347 2135 1370 2170 6
1403 2134 1469 2170 fol.
1502 2133 1635 2178 chart„
1667 2132 1706 2168 in
1739 2132 1880 2178 quibus
1912 2135 2004 2167 sunt
2025 2134 2140 2167 notae
2161 2129 2284 2167 histo-

420 2190 524 2226 ricae
557 2191 697 2237 partim
731 2194 779 2228 ad
812 2203 911 2239 opus
948 2192 1104 2229 »Flores
1135 2197 1377 2239 temporum«
1413 2195 1644 2238 spectantes,

559 2313 695 2366 1318
1188 2316 1299 2365 VII.
1338 2315 1395 2364 E.
1432 2315 1513 2363 28.

419 2407 564 2447 chart.
595 2419 712 2448 saec.
746 2407 860 2448 XVI
881 2408 935 2461 ff
968 2409 1065 2458 144,
1097 2410 1150 2450 21
1171 2410 1292 2450 ><16
1322 2421 1405 2449 cm.
1443 2409 1461 2448 I
1496 2420 1556 2448 m.

684 2488 856 2529 Urbani
886 2490 1046 2541 Rhegii
1076 2490 1354 2531 Rudimenta
1384 2488 1706 2541 philosophiae
1736 2485 2016 2526 Aristotelis.

560 2567 587 2607 f.
626 2565 669 2607 lb
701 2571 935 2619 (Epistolaz)
971 2570 1051 2610 »M
1085 2570 1291 2611 Urbanus
1324 2570 1483 2621 Regius
1516 2568 1737 2619 discipulis
1761 2570 1853 2606 suis
1888 2601 1893 2606 .
1931 2598 1939 2605 .
1975 2601 1980 2607 .
2015 2566 2082 2606 Ex
2104 2568 2282 2606 ruinoso

424 2624 624 2665 Liliorum
667 2628 950 2668 contubernio
992 2630 1232 2680 Angelipoli
1265 2629 1434 2668 decima
1464 2626 1576 2666 Junii
1607 2638 1646 2666 a.
1677 2627 1853 2676 virginei
1886 2628 2034 2676 partus
2071 2623 2205 2663 1516«
2238 2623 2283 2660 ><

424 2682 450 2722 f.
491 2683 594 2723 144a
624 2684 836 2736 (Peroratio
850 2688 878 2735 z)
914 2686 1032 2726 »Deo
1065 2690 1227 2738 optimo
1260 2689 1450 2726 maximo
1477 2718 1485 2725 .
1514 2718 1520 2724 .
1548 2715 1557 2723 .
1586 2717 1592 2723 .
1625 2685 1903 2734 animamque
1936 2686 2070 2722 totam
2094 2680 2284 2732 perfecta

426 2741 831 2794 iucundissimaque
863 2743 1060 2784 fruitione
1091 2747 1133 2784 in
1166 2755 1252 2784 sec.
1287 2755 1374 2783 sec.
1408 2741 1496 2783 Soli
1530 2742 1612 2781 deo
1643 2742 1788 2792 gloria.

561 2812 696 2848 Codex
727 2814 790 2850 hic
823 2819 937 2850 antea
968 2816 1163 2862 adligatus
1196 2819 1277 2851 erat
1306 2816 1405 2851 libro
1442 2814 1504 2851 12.
1536 2813 1580 2850 B.
1615 2813 1681 2849 92.

566 2935 699 2988 1319
1194 2939 1305 2987 VII.
1345 2938 1400 2987 E.
1445 2937 1526 2985 29.

422 3028 566 3068 chart.
600 3040 641 3068 α.
675 3029 874 3082 1539ff.
906 3032 977 3081 31,
1006 3032 1287 3073 20·5><15·5
1314 3043 1396 3071 cm.
1429 3030 1452 3070 1
1489 3042 1547 3070 m.

420 3109 626 3160 Sphaera
655 3108 884 3153 Johannis
916 3114 971 3154 de
1002 3114 1288 3155 Sacrobosco
1319 3112 1367 3152 in
1397 3109 1722 3160 compendium
1744 3108 1933 3159 digesta.
1956 3107 2093 3147 Anno
2114 3104 2281 3146 salutis

1117 3175 1276 3211 nostre
1310 3167 1595 3209 MDXXXIX.

559 3259 784 3295 Secundum
832 3262 943 3294 notas
988 3256 1081 3292 folio
1127 3254 1337 3300 praeligato
1384 3252 1591 3297 inscriptas
1638 3250 1763 3285 codex
1808 3249 1871 3285 hic
1917 3259 1998 3284 una
2037 3258 2126 3284 cum
2173 3246 2282 3282 libris

420 3317 620 3363 impressis
653 3318 744 3353 olim
777 3316 957 3362 adligatis
991 3313 1134 3360 (Lucae
1167 3310 1322 3348 Gaurici
1354 3309 1557 3346 'l'ractatus
1589 3307 1822 3352 astrologiae
1844 3306 2081 3350 iudiciariae,
2109 3303 2280 3341 Norimb.

1324 3456 1390 3488 506
