2476 3782
1325 266 1381 305 54

563 400 639 453 54
676 401 746 454 55
1258 403 1297 452 I.
1336 404 1394 453 B.
1434 405 1480 454 I.

427 492 606 535 Codices
646 495 733 535 dno
766 495 910 535 chart.
960 507 1002 536 a.
1035 497 1325 538 1707—1709
1356 511 1451 539 una
1482 511 1625 539 manu
1656 499 1920 540 nitidissime
1950 499 2129 540 exarati
2157 501 2290 552 atque

424 552 663 601 rubricati,
695 553 811 592 notis
843 553 1030 594 musicis
1059 554 1273 595 instructi
1300 557 1340 595 et
1371 556 1531 597 initial.
1565 557 1626 597 lit.
1661 557 1928 610 capitalibus
1949 568 2091 597 rarae
2112 557 2288 610 magni-

422 610 590 650 tudinis
618 610 696 650 sed
718 611 1002 663 pallescentis
1031 611 1126 652 iam
1141 612 1318 664 passim
1335 615 1500 655 coloris
1517 615 1731 658 exornati.
1763 626 1958 666 quornm
1985 615 2101 655 alter
2122 617 2184 664 (a)
2204 614 2291 657 352

422 667 640 715 (48><22
671 667 773 719 cm),
806 669 920 709 alter
951 669 1013 721 (b)
1044 669 1131 710 318
1145 669 1206 723 ff
1239 670 1313 723 (50
1333 681 1380 721 )<
1399 673 1458 713 35
1489 677 1574 719 cm)
1607 672 1804 712 continet.

561 747 790 790 Graduale
835 749 963 790 Sacri
993 748 1181 791 Ordinis
1213 750 1537 793 Cisterciensis
1569 754 1651 793 sub
1682 756 1886 805 regimine
1918 753 2089 793 Henrici
2111 752 2290 805 Snopek

424 811 621 848 monast.
655 806 948 848 Sedlecensis
989 812 1031 848 et
1072 807 1339 849 Skalicensis
1381 811 1550 850 abbatis
1597 814 1891 862 conscriptum
1924 824 2024 851 ann.
2057 810 2144 863 (az)
2181 810 2291 852 1708

422 863 712 961 (Sizglelcissiia
742 865 790 905 fr.
823 865 1058 906 Bernardo
1088 865 1476 908 Lanckammerer
1509 868 1615 919 prof.
1647 868 1981 909 Waldsassensi
2004 881 2043 920 p.
2068 873 2094 908 t.
2118 870 2290 920 hospite

555 993 598 1029 In
630 994 694 1031 fol.
730 989 831 1031 350b
863 997 950 1032 cod.
974 1005 999 1031 a
1020 996 1116 1031 haec
1147 1000 1241 1031 nota
1262 997 1450 1032 occurrit:
1484 997 1684 1044 Inceptum
1707 1002 1765 1033 est
1786 999 1861 1034 hoc
1883 998 2077 1034 Graduale
2115 1010 2150 1036 a.
2180 999 2287 1036 1707

423 1050 523 1088 VIII.
556 1050 655 1097 Oet.,
687 1052 838 1088 finitum
868 1053 988 1100 April.
1022 1064 1057 1090 a.
1096 1054 1215 1090 1708.
1251 1053 1306 1089 Ex
1338 1060 1506 1092 monast.
1540 1055 1777 1093 Sedlecensi.

561 1175 631 1228 56
1256 1178 1294 1227 I.
1333 1179 1392 1227 B.
1429 1179 1474 1226 Ζ.

423 1267 566 1308 chart.
600 1280 642 1308 a.
675 1268 788 1308 1714
818 1281 912 1310 una
942 1282 1085 1310 manu
1116 1271 1381 1311 nitidissime
1420 1274 1636 1312 exaratus
1667 1274 1706 1312 et
1735 1272 2010 1323 rubricatus,
2042 1277 2156 1313 notis
2186 1285 2284 1314 mu-

421 1325 528 1366 sicis
556 1325 801 1366 instructus
831 1329 870 1367 et
899 1327 1059 1367 initial.
1093 1330 1359 1381 capitalibus
1389 1330 1538 1370 mirae
1557 1329 1886 1382 magnitudinis
1909 1333 2165 1381 exornatus,
2188 1343 2288 1372 con-

422 1383 564 1423 tinens
575 1383 639 1436 ff
671 1384 767 1434 403,
799 1385 855 1425 50
877 1386 997 1437 ><37
1029 1398 1112 1426 cm.

562 1463 790 1506 Graduale
821 1466 851 1507 S
897 1467 1004 1507 Ord.
1037 1466 1363 1508 Cisterciensis
1396 1469 1478 1507 sub
1520 1471 1724 1519 regimine
1756 1468 1965 1509 Bonifacii
1995 1468 2164 1511 Blahna
2192 1479 2290 1512 mo-

422 1523 865 1630 gffissgsgggleoemis
897 1529 938 1564 et
984 1524 1249 1565 Skalicensis
1290 1527 1460 1565 abbatis
1493 1526 1722 1577 descripsit
1751 1527 1799 1566 fr.
1830 1526 2109 1568 Franciscus
2132 1526 2293 1569 senior

556 1652 614 1687 Ex
644 1653 715 1690 litt.
749 1654 1048 1700 subscriptionis
1081 1655 1293 1691 maioribus
1325 1656 1530 1692 rubricatis
1553 1656 1747 1702 colligitur
1768 1668 1895 1693 annus
1923 1658 2044 1695 1714.
2066 1657 2096 1694 Ε
2120 1662 2290 1695 monast.

424 1708 659 1748 Sedlecensi.

561 1833 630 1886 57
1256 1836 1294 1885 I.
1332 1836 1391 1885 B.
1428 1838 1474 1886 3.

423 1926 565 1967 chart.
609 1939 651 1967 a.
695 1928 925 1969 1689—90
964 1942 1058 1970 una
1100 1942 1240 1970 manu
1281 1931 1547 1971 nitidissime
1588 1934 1816 1981 exaratus,
1859 1932 1974 1972 notis
2003 1932 2192 1973 musicis
2221 1931 2286 1972 in-

420 1986 621 2025 structus
650 1987 690 2025 et
719 1986 881 2026 initial.
925 1988 1195 2040 capitalibus
1225 1989 1373 2028 mirae
1403 1989 1733 2039 magnitudinis
1762 1992 1895 2041 atque
1925 1990 2095 2030 diversi
2123 1990 2290 2031 coloris

422 2053 499 2082 nec
528 2055 615 2082 non
644 2043 769 2084 tilulo
793 2044 910 2096 picto
941 2048 1194 2094 exornatus,
1225 2046 1450 2086 continens
1478 2047 1564 2087 367
1582 2045 1642 2100 ff
1674 2058 1815 2096 num„
1846 2047 1902 2088 49
1921 2048 2032 2088 ><31
2066 2059 2149 2088 cm.

561 2122 788 2164 Graduale
821 2123 1010 2165 Ordinis
1042 2125 1381 2166 Cisterciensis.

561 2192 587 2233 f.
627 2190 666 2231 lb
698 2193 941 2241 (Dedicatio
973 2198 1116 2246 operis
1148 2195 1335 2236 Henrico
1378 2195 1558 2247 Snopek
1599 2197 1742 2236 abbati
1774 2201 1961 2237 monast.
1994 2197 2286 2238 Sedlecensis

422 2255 463 2290 et
494 2249 759 2290 Skalicensis
792 2263 867 2302 per
887 2251 935 2292 fr.
959 2252 1226 2293 Conradum
1248 2253 1493 2294 Schreiner
1528 2257 1794 2305 scriptorem,
1817 2266 1948 2306 quam
1971 2255 2288 2295 dedicationem

421 2320 559 2359 aeque
590 2312 719 2359 atque
750 2310 917 2348 titulum
948 2313 1249 2361 insequentem
1282 2315 1454 2363 sepiunt
1484 2323 1670 2351 coronae
1703 2315 1874 2363 pictae.)

560 2377 587 2416 f.
621 2377 668 2416 2¹²
695 2380 864 2425 (Titulus
896 2381 1031 2428 alterz)
1063 2379 1278 2420 Graduale
1310 2384 1429 2420 iuxta
1459 2382 1648 2420 missalis
1679 2380 1980 2421 Cisterciensis
2001 2384 2288 2422 novissimam

421 2435 652 2474 editionem
685 2436 957 2487 dispositum.

567 2508 590 2544 s.
625 2502 726 2543 364b
755 2507 986 2544 Inchoatum
1019 2521 1053 2546 a.
1087 2511 1124 2547 d.
1163 2510 1268 2546 1689
1301 2509 1439 2547 XXIII.
1472 2510 1578 2555 Dec„
1610 2510 1759 2546 finitum
1792 2509 1838 2547 II.
1862 2510 1953 2546 Julii
1977 2521 2013 2548 a.
2036 2511 2074 2548 d.
2112 2511 2233 2549 1690.
2255 2510 2288 2547 Ε

425 2568 659 2601 monasterio
697 2565 933 2604 Sedlecensi.

562 2689 633 2741 58
1255 2691 1293 2740 J.
1331 2692 1389 2740 B.
1427 2692 1474 2740 4.

425 2782 567 2822 chart.
598 2794 712 2823 saec.
744 2782 795 2822 X
800 2782 988 2823 VII—X
992 2783 1103 2824 VIII
1110 2785 1172 2838 ff
1204 2785 1302 2833 172,
1332 2785 1388 2825 47
1407 2785 1518 2825 ><31
1553 2795 1636 2823 cm.
1659 2785 1682 2824 I
1703 2795 1762 2823 m.
1782 2783 2046 2824 nitidissime
2063 2786 2283 2824 exaratus

424 2842 555 2891 atque
584 2840 847 2881 rubricatus
878 2854 979 2882 cum
1013 2841 1127 2882 notis
1157 2842 1355 2882 musicis.

561 2922 949 2973 Antiphonarium
980 2925 1046 2971 (ut
1074 2924 1260 2971 videtur)
1292 2916 1579 2963 Sedlecense.

561 2990 588 3030 f.
627 2991 793 3030 l—lOO
825 2991 1045 3043 Proprium
1078 2993 1130 3031 de
1165 2996 1355 3043 tempore
1387 2993 1460 3038 (ab
1491 2992 1682 3031 adventu
1713 3003 1854 3043 usque
1877 2992 1932 3031 ad
1965 2991 2284 3039 Pentecosten).

425 3048 451 3087 s.
489 3047 705 3087 101—141
744 3049 965 3100 Proprium
1009 3048 1282 3090 Sanctorum.
1325 3050 1352 3089 f.
1401 3049 1624 3089 145—169
1665 3048 1908 3090 Commune
1951 3048 2224 3089 Sanctorum.
2255 3048 2285 3088 f.

430 3105 651 3144 170—172
685 3108 784 3154 (alia
815 3118 947 3146 manu
979 3110 1219 3155 recentiori)
1250 3107 1524 3158 Antiphonae
1556 3107 1738 3147 feriales.

560 3177 831 3213 Sedlecensem
863 3179 981 3214 fuisse
1004 3180 1179 3214 codicem
1196 3179 1331 3214 habitu
1349 3179 1528 3214 interiore
1545 3183 1582 3214 et
1598 3178 1783 3214 exteriore
1801 3188 1872 3213 nec
1889 3188 1967 3213 non
1990 3178 2283 3224 comparatione

426 3245 514 3270 cum
546 3236 669 3272 codd·
691 3238 866 3281 praeced.
900 3235 946 3282 (Ι.
979 3236 1022 3273 Β.
1060 3237 1187 3283 1—3)
1219 3236 1492 3273 diiudicamuS.

1338 3381 1377 3413 16
