2476 3782
1108 248 1118 286 1
1133 246 1215 287 263

367 389 453 426 Hoc
499 399 598 436 opus
641 389 944 436 anepigraphum
991 387 1150 424 Alberto
1183 388 1228 423 de
1260 387 1393 423 Paduo
1427 387 1673 423 attribuimus
1719 387 1970 433 respicientes
2004 386 2092 422 cod.

223 447 288 486 IV.
322 446 367 484 C.
401 447 467 484 21.
501 447 543 483 In
576 448 708 484 charta
739 447 922 493 operculo
954 445 1061 482 infer.
1096 445 1339 491 adglutinata
1372 448 1583 481 annotatus
1616 449 1674 480 est
1696 443 1862 481 Census
1894 443 2092 479 villarum

224 504 384 553 Zbyna.
418 504 554 552 Luky,
585 505 815 552 Wogetyn,
848 503 1005 542 Czista.
1037 503 1095 539 Ex
1126 503 1218 540 bibl.
1254 504 1443 539 canoniae
1476 501 1755 539 Carloviensis.

367 639 494 694 1260
1008 639 1120 688 VII.
1162 638 1211 688 C.
1250 639 1330 688 17.

224 733 367 775 chart.
397 745 514 775 saec.
543 731 685 774 XVII
696 731 763 784 ff.
795 732 863 781 72,
893 733 947 773 31
969 732 1086 773 ><20
1115 745 1198 773 cm.
1230 733 1271 773 d.
1305 745 1364 772 m.

449 814 611 866 Elogia
639 818 824 865 patrum
855 813 956 854 Soc.
987 813 1103 854 Jesu
1135 825 1172 854 a.
1209 813 1494 854 1669-1680
1526 812 1865 854 defunctorum.

369 898 561 946 Operculo
593 909 721 944 super.
755 898 908 934 calamo
941 898 1171 944 inscriptum
1203 902 1282 935 est:
1323 898 1418 934 ,Nro
1454 898 1519 934 3«.

363 1022 486 1076 1261
1001 1021 1116 1071 VII.
1155 1021 1200 1071 C.
1239 1022 1320 1071 18.

223 1118 368 1159 chart.
398 1128 515 1158 saec.
548 1115 768 1168 XVIIff.
798 1115 896 1163 220,
927 1115 979 1156 31
1002 1118 1055 1162 ><
1074 1116 1128 1156 19
1147 1128 1228 1157 cm.
1252 1117 1292 1156 d.
1329 1128 1386 1156 m.

222 1198 384 1251 Elogia
413 1201 596 1249 patrum
628 1197 729 1238 Soc.
761 1197 878 1238 Jesu
899 1209 938 1237 a.
966 1195 1250 1237 1621—1669
1273 1196 1600 1238 defunctorum
1620 1195 1923 1247 praecedente
1945 1194 2094 1246 elogio

281 1255 502 1298 Everardi
530 1255 823 1304 Mercuriani‚
856 1256 1006 1306 quarti
1039 1255 1140 1295 Soc.
1171 1255 1288 1296 Jesu
1319 1254 1563 1306 generalis,
1597 1266 1635 1294 a.
1673 1252 1783 1294 1580
1816 1253 2033 1294 defuncti.

366 1339 560 1387 Operculo
593 1349 721 1385 super.
754 1339 906 1375 calamo
938 1339 1168 1385 inscriptum
1201 1343 1284 1375 est:
1322 1338 1424 1374 ›Nro
1462 1339 1521 1375 1.‹

361 1463 517 1517 1262
1001 1462 1110 1514 VII.
1149 1462 1194 1513 C.
1237 1463 1314 1513 19.

221 1559 365 1599 chart.
396 1569 512 1599 saec.
542 1556 636 1597 XV
661 1558 790 1610 (pars
820 1569 863 1598 α.
897 1557 1028 1606 1408)
1048 1556 1113 1611 ff.
1146 1557 1242 1600 229.
1275 1558 1329 1598 31
1353 1559 1401 1607 ><
1420 1557 1474 1597 21
1496 1569 1576 1597 cm.
1611 1558 1634 1597 1
1670 1568 1727 1596 m.

359 1638 387 1679 f.
426 1637 579 1679 1¹³--3a
611 1637 855 1690 Registrum
889 1641 1032 1690 operis
1066 1639 1379 1691 subsequentis
1411 1639 1746 1690 alphabeticum.

361 1696 388 1738 f.
421 1694 471 1737 3b
502 1695 668 1737 Divisio
701 1697 927 1736 bibliorum
960 1700 1002 1736 et
1034 1695 1353 1737 Sententiarum
1386 1697 1495 1736 Petri
1528 1696 1772 1736 Lombardi.

358 1754 385 1796 f.
418 1754 635 1795 48--134ει
677 1753 924 1806 Expositio
971 1753 1287 1795 Ecclesiastici
1333 1766 1360 1795 a
1400 1766 1497 1806 cap.
1546 1754 1601 1795 38
1643 1765 1792 1805 usque
1838 1752 1895 1793 ad
1940 1751 2094 1792 finem.

221 1811 403 1865 (Totius
449 1812 759 1864 expositionis
805 1811 1028 1853 volumen
1069 1812 1147 1864 111)
1172 1813 1205 1854 ><
1231 1813 1440 1864 »Explicit
1487 1815 1666 1852 tercium
1711 1812 1917 1852 volumen
1965 1821 2097 1861 super

221 1870 591 1912 Ecclesiasticum.
655 1870 838 1910 Finitum
873 1874 941 1910 est
970 1870 1055 1910 hoc
1096 1871 1303 1910 volumen
1336 1882 1436 1911 eum
1468 1871 1562 1910 aliis
1595 1871 1769 1910 duobus
1800 1868 2095 1909 voluminibus

224 1929 311 1970 sub
342 1940 382 1969 a.
415 1928 455 1969 d.
492 1927 642 1969 1408.‹

363 1985 391 2026 f.
429 1985 699 2026 1352—2272
730 1985 911 2037 Aegidii
952 1986 1150 2026 Romani
1190 1985 1434 2037 Expositio
1477 1986 1526 2027 in
1558 1985 1726 2026 librum
1765 1984 2094 2025 Ecclesiastes.

226 2041 389 2084 »Nolite
421 2044 593 2096 diligere
635 2043 861 2084 mundum.
905 2043 951 2084 In
982 2045 1065 2084 hac
1097 2048 1374 2085 auctoritate«
1395 2046 1438 2083 ><
1460 2047 1578 2084 »sive
1610 2045 1786 2084 malum.
1822 2043 1944 2095 Expl.
1979 2042 2095 2082 dicta

226 2112 359 2157 super
386 2101 723 2143 Ecclesiasten.-

360 2159 386 2200 f.
421 2158 694 2200 227b—-229a
727 2159 970 2211 Registrum
1004 2161 1340 2212 alphabeticum.

370 2242 414 2279 In
444 2244 630 2290 operculo
661 2254 790 2291 super.
824 2249 939 2280 nota:
975 2243 1115 2280 »Liber
1145 2246 1249 2280 dom.
1282 2243 1473 2280 Johannis
1499 2243 1600 2280 Gent
1626 2243 1867 2290 (Gerint?)«.
1901 2242 1942 2280 F.
1971 2243 2013 2278 1²
2035 2243 2096 2278 in-

223 2301 392 2347 scriptus
423 2305 503 2337 erat
531 2302 651 2338 index
683 2306 969 2349 contentorum,
1013 2303 1082 2338 sed
1124 2306 1338 2338 atramento
1370 2302 1492 2338 illitus
1522 2302 1599 2349 legi
1630 2312 1710 2338 non
1741 2305 1883 2348 potest.
1944 2299 2093 2336 Ibidem

223 2361 452 2395 annotatum
484 2363 564 2396 est:
599 2359 871 2396 »Residentiae
903 2359 942 2397 S.
975 2359 1009 2397 J.
1043 2361 1093 2396 ad
1123 2359 1288 2396 Matrem
1319 2359 1555 2396 Dolorosam
1587 2361 1661 2396 sub
1693 2359 1854 2406 Grupna
1878 2370 1912 2396 a.
1941 2358 2088 2396 1669.‹

223 2413 427 2462 operculis
459 2417 583 2453 cultro
615 2418 822 2454 artificiose
854 2418 962 2455 varia
993 2422 1223 2454 ornamenta
1254 2418 1453 2465 insculpta
1483 2422 1587 2455 sunt.

367 2538 502 2593 1263
996 2541 1109 2603 VJI.
1149 2542 1201 2592 C.
1235 2542 1319 2595 20.

223 2631 370 2672 chart.
401 2644 445 2673 a.
475 2632 591 2674 1454
608 2632 674 2686 ff.
704 2635 802 2682 367,
834 2635 887 2676 31
913 2636 1037 2686 ><22
1054 2648 1137 2676 cm.
1169 2636 1193 2676 1
1230 2648 1288 2678 m.
1322 2649 1425 2678 cum
1456 2637 1549 2678 init.
1574 2637 1677 2690 pict.
1710 2636 1756 2676 in
1776 2635 1820 2688 f.
1852 2635 1953 2677 46α.

828 2715 1044 2768 Huguicii
1074 2715 1232 2757 Pisani
1263 2717 1486 2759 Lexicon.

360 2792 881 2847 f.1²-45¹²Registrum
914 2797 1247 2850 alphabeticum.
1305 2798 1516 2839 »Finitum
1548 2803 1616 2839 est
1646 2800 1730 2839 hoc
1763 2811 1876 2851 opus
1907 2811 1945 2839 a.
1982 2797 2093 2843 1454

222 2852 422 2902 proxima
451 2850 526 2892 fer.
556 2851 612 2893 VI
644 2858 745 2905 post
774 2866 948 2895 ascens,
972 2855 1089 2895 dom
1113 2858 1155 2896 in
1179 2857 1300 2897 scola
1320 2856 1591 2898 Mielnicensi
1614 2869 1691 2909 per
1711 2868 1780 2898 me
1809 2857 2091 2920 Procopium

222 2907 278 2948 de
295 2907 546 2959 Montibus
576 2909 776 2952 Cuthnis
810 2917 1113 2954 succentorem
1146 2918 1328 2965 protunc
1360 2913 1558 2954 ibidem.

359 2977 386 3018 f.
418 2978 662 3020 462—3671’
692 2981 894 3023 Lexicon.
928 2982 1214 3023 Prooemium.
1281 2983 1418 3026 »Cum
1450 2987 1585 3025 nostri
1618 2985 1815 3036 prothopi
1819 2988 1910 3033 asti
1935 2996 2087 3050 sugge

224 3037 336 3075 stiva
367 3039 738 3087 prevaricacione‹
759 3041 804 3078 ><
826 3039 1132 3081 ›Zoroastrum
1167 3041 1394 3082 minimum
1428 3043 1591 3085 sidus«

360 3117 405 3154 In
436 3117 503 3156 fol.
535 3120 748 3167 praeligato
781 3126 991 3159 annotatae
1023 3128 1116 3160 sunt
1148 3135 1342 3170 expensae
1374 3126 1618 3172 possessoris
1653 3126 1740 3162 libri
1773 3127 1819 3163 de
1852 3138 1885 3165 a.
1926 3127 2085 3163 1464-—

226 3175 347 3213 1471.
381 3174 583 3223 operculis
614 3179 787 3225 adligata
818 3184 909 3217 sunt
940 3180 1167 3233 fragmenta
1187 3182 1382 3219 variorum
1415 3183 1597 3239 codicum
1629 3185 1788 3220 membr.
1813 3195 1917 3221 saec
1941 3183 2089 3220 XIV—

219 3231 305 3268 XV.
338 3232 384 3271 A.
423 3234 529 3271 1609
561 3237 685 3272 codex
726 3241 807 3273 erat
847 3238 938 3274 bibl.
982 3226 1303 3286 Rosenbergicae,
1338 3251 1372 3278 a.
1412 3241 1517 3277 1718
1551 3242 1776 3278 monasterii
1810 3240 2087 3282 'liebonensis

1123 3386 1188 3415 485
