2476 3782
1129 224 1156 266 8

351 363 384 417 6
1023 361 1062 410 I.
1101 361 1162 411 A.
1199 362 1248 411 5.

213 457 359 499 chart.
388 468 506 498 saec,
538 454 680 496 XVII
704 466 766 496 ex.
783 455 844 509 ffi
876 455 933 495 42
963 467 1085 495 num.
1117 456 1176 496 33
1193 456 1307 495 ><22
1339 467 1420 495 cm.
1453 457 1476 496 1
1510 468 1570 496 m.

358 538 387 578 f.
425 538 464 578 1·
495 537 664 590 (Titulus
697 549 817 574 manu
835 538 1082 585 recentiori:)
1111 536 1320 577 Historia
1340 537 1493 588 regiae
1514 536 1642 577 urbis
1664 536 1851 578 Launae
1873 539 1927 577 ab
1959 549 2081 578 anno

217 595 327 637 1517
359 595 519 648 (usque
549 594 605 634 ad
636 606 674 634 a.
714 593 841 645 1631)
889 595 1155 635 combinata
1195 597 1242 635 et
1279 595 1545 646 conscripta
1577 606 1719 646 opera
1748 594 1947 636 Joannis
1980 595 2081 636 Flo-

214 653 334 696 riani
361 652 777 695 Hammersehmid.

360 723 388 764 f.
421 718 600 762 2⁸—42b
631 721 696 762 De
729 721 880 761 Launa
911 724 1029 773 regni
1060 721 1296 761 Bohemiae
1329 725 1445 774 regia
1476 725 1659 762 civitate.

361 792 389 832 f.
421 791 479 831 3⁸.
512 790 577 831 De
609 793 874 832 monasterio
925 790 1144 831 Launensi
1190 791 1352 831 ordinis
1399 790 1444 831 S.
1490 791 1652 831 Mariae
1698 791 1984 843 Magdalenae
2031 793 2084 832 de

218 852 482 904 poenitentia
512 848 682 901 (auctor
712 849 891 888 subscr:
923 848 1129 899 Raphael
1159 848 1527 901 Mnischowsky‚
1561 853 1681 901 qui
1665 851 1691 872 ἰ
1728 850 1867 901 1644).

361 909 406 947 In
437 910 561 946 fronte
592 909 805 956 tegumenti
837 909 1031 945 chartacei
1063 910 1127 946 hic
1158 910 1295 946 titulus
1327 910 1515 946 occurrit:
1545 909 1780 946 »Memoriae
1811 910 1951 956 Regiae
1985 910 2089 946 Civi-

218 969 311 1006 tatis
341 967 513 1004 Launae.
546 967 591 1003 G.
628 966 673 1004 G.
707 966 778 1003 G.
787 967 894 1013 ,qui
927 968 1025 1003 satis
1052 968 1245 1014 'congruit
1268 979 1357 1004 cum
1389 967 1472 1003 MS.
1504 970 1603 1004 inter
1633 968 2086 1004 Hammerschmiediana

221 1038 245 1064 a
272 1025 425 1063 Ruffero
457 1013 567 1072 (Cas.
598 1024 703 1062 Mus.
744 1025 850 1061 1834
882 1026 954 1061 sub
987 1036 1092 1062 num.
1130 1022 1200 1075 55)
1232 1026 1478 1072 consignato.

360 1137 393 1190 7
1030 1137 1070 1186 Ι.
1109 1137 1172 1188 A.
1212 1139 1258 1186 6.

223 1232 368 1273 chart.
394 1228 499 1285 pict.
530 1230 618 1272 202
648 1231 789 1271 tabul.
822 1243 946 1271 uum.
978 1242 1092 1271 saec.
1124 1230 1242 1271 XVI
1264 1231 1450 1272 32><21
1485 1243 1569 1273 cm.

369 1312 541 1367 (Titulus
573 1325 692 1351 manu
723 1325 800 1352 rec.
832 1315 873 1351 in
904 1315 1026 1351 fronte
1057 1316 1137 1353 tab.
1178 1317 1193 1351 1
1230 1315 1440 1362 inscriptus
1471 1316 1535 1352 hic
1567 1312 1666 1367 est:)

225 1381 487 1425 simulacra
515 1382 782 1433 Principum
814 1382 1030 1423 Austriae
1062 1394 1087 1424 e
1117 1382 1267 1424 Domo
1298 1382 1617 1435 Habsburgica
1658 1387 1704 1424 et
1735 1384 1955 1424 nobilium
1999 1388 2096 1423 tam

225 1441 447 1483 Austriae
479 1451 620 1492 quam
650 1440 844 1481 Sueciae
875 1441 924 1480 in
955 1440 1154 1482 ecclesia
1185 1440 1587 1493 Koenigsfeldensi
1618 1442 1667 1482 in
1695 1442 1913 1483 Helvetia
1944 1442 2098 1493 sepul-

370 1502 530 1540 torum
561 1509 620 1539 ex
649 1499 906 1550 parietibus
939 1499 1149 1550 ejusdem
1179 1503 1397 1541 vetustae
1428 1500 1653 1541 ecclesiae
1693 1502 1953 1552 desumpta.

371 1568 400 1609 f.
438 1569 478 1608 1·
508 1568 710 1608 Andreas
742 1580 818 1608 rex
850 1567 1082 1620 Ungariae.
1116 1568 1143 1608 f.
1167 1568 1212 1608 2⁵
1242 1569 1464 1609 Elisabeth
1486 1573 1634 1622 regina
1655 1570 1965 1610 Romanorum.
1999 1569 2026 1609 f.
2051 1566 2096 1608 2¹³

227 1626 376 1678 Imago
422 1630 611 1667 monast.
671 1626 940 1678 Kdnigsfeld.
998 1638 1114 1667 saec.
1171 1626 1280 1675 XVI,
1327 1627 1355 1667 f.
1402 1627 1448 1667 3⁰
1492 1628 1642 1679 Agnes
1689 1631 1837 1680 regina
1882 1627 2099 1679 Ungariae

229 1684 467 1737 (fundatrix
497 1688 685 1724 monast.
719 1684 1129 1737 K6nigsfeldensis).
1162 1685 1190 1725 f.
1222 1681 1268 1724 4b
1300 1685 1513 1726 Rudolfus
1545 1698 1621 1726 rex
1654 1686 1963 1726 Romanorum.
1996 1686 2023 1725 f.
2057 1686 2101 1725 5⁵

229 1742 379 1794 Imago
410 1745 522 1783 arcis
553 1742 791 1794 Habsburg
821 1754 937 1782 saec.
970 1742 1079 1787 XVI
1113 1743 1140 1783 f.
1174 1743 1219 1782 6⁸
1249 1743 1461 1784 Rudolfus
1483 1756 1559 1784 rex
1582 1744 1831 1784 Bohemiae.
1865 1745 1892 1784 f.
1915 1741 1961 1784 6b
1984 1743 2101 1797 Quo-

233 1800 368 1841 modo
398 1800 651 1841 interfectus
684 1803 740 1840 sit
770 1801 973 1840 Albertus
1006 1812 1082 1840 lex
1113 1813 1139 1841 a
1169 1801 1368 1842 Johanne
1401 1802 1627 1843 Pariicida.
1660 1803 1688 1842 f.
1722 1803 1766 1842 7·
1796 1803 1998 1842 Albertus
2022 1802 2103 1842 Ro-

237 1869 471 1899 manorum
503 1870 579 1899 rex
607 1862 687 1899 ete.
721 1859 748 1898 s.
788 1859 856 1898 16⁸
887 1859 1063 1910 Herzog
1093 1859 1306 1911 Leopoldt
1352 1872 1440 1900 von
1473 1852 1720 1901 Osterreich
1767 1860 1812 1913 (³-
1847 1861 1956 1900 1386
1987 1861 2104 1912 apud

243 1915 495 1968 Sempach).
528 1916 556 1956 f.
594 1916 663 1956 17·
692 1916 816 1956 Hans
848 1929 936 1957 von
979 1916 1248 1958 Ochenstein
1294 1917 1413 1970 (cum
1454 1919 1536 1958 hac
1578 1923 1682 1959 nota
1723 1919 1989 1971 maiginalit)
2037 1920 2104 1958 hie

233 1975 392 2026 volgen
423 1975 537 2015 nach
568 1974 683 2015 Acht
712 1975 802 2014 und
835 1975 1057 2026 Zwainzig
1081 1975 1246 2015 Herren
1288 1987 1340 2016 so
1371 1976 1547 2028 Herzog
1578 1977 1789 2029 Leopoldt
1819 1977 1929 2017 Rath
1962 1977 2106 2016 seindt

233 2035 415 2084 gewest.
457 2032 486 2072 f.
533 2032 609 2072 44·
649 2031 796 2084 Gebrg
838 2033 1188 2073 Kuche-meister
1228 2045 1309 2074 aus
1352 2033 1615 2084 Schwaben‚
1663 2035 1786 2075 Rath.
1848 2035 1930 2075 Hie
1961 2036 2104 2075 haben

233 2089 407 2142 Herzog
435 2090 686 2142 Leopolden
718 2090 828 2131 Rath
865 2094 933 2131 ein
964 2091 1093 2131 Endt.
1126 2091 1153 2132 f.
1187 2091 1260 2132 70⁸
1291 2091 1392 2132 Otto
1434 2092 1661 2145 Maninger
1702 2094 1778 2133 der
1818 2093 1957 2133 Linkh
1998 2093 2103 2145 (eum

234 2154 330 2188 nota
359 2151 565 2198 marginali
578 2148 607 2201 z)
644 2149 736 2188 »bis
767 2149 846 2188 auf
874 2150 975 2189 dato
1008 2150 1153 2190 seindt
1183 2149 1268 2190 210
1298 2150 1412 2190 Jahr.
1451 2151 1599 2191 1569.<‹
1635 2153 1746 2201 (Ideo
1770 2156 1895 2191 codex
1917 2154 2106 2190 vetustior

236 2213 307 2254 est,
339 2219 456 2256 quam
488 2213 598 2256 putat
631 2209 830 2255 Hanslik.)

380 2277 536 2315 Titulus
567 2279 608 2315 in
639 2279 764 2315 fronte
795 2280 1008 2326 inscriptus
1039 2290 1119 2316 non
1151 2285 1210 2317 est
1242 2285 1461 2326 accuratus,
1508 2293 1598 2318 narn
1643 2283 1683 2318 in
1716 2282 1852 2318 codice
1898 2287 2107 2318 occurrunt

243 2337 359 2374 etiam
390 2338 533 2384 depicti
565 2337 717 2374 nobiles
748 2337 880 2383 Suevi,
913 2337 1305 2385 Wirtembergenses‚
1351 2339 1588 2376 Alsacenses
1635 2344 1672 2376 et
1719 2351 1754 2376 a.
1806 2339 1901 2375 »Die
1934 2340 2104 2385 abgebil-

239 2397 355 2431 deten
385 2393 581 2431 Personen
613 2396 702 2432 sind
732 2405 822 2431 zum
853 2395 963 2432 Theil
994 2396 1046 2432 im
1078 2394 1230 2443 konigl.
1264 2396 1398 2443 Ornat,
1430 2408 1519 2434 zum
1560 2397 1668 2434 Theil
1700 2399 1739 2434 in
1783 2398 1902 2434 voller
1932 2397 2110 2443 Rustung

238 2453 279 2490 in
310 2453 495 2489 betender
524 2451 702 2499 Stellung
741 2454 812 2489 auf
846 2454 954 2490 ihren
1000 2454 1382 2502 Wappenschildern
1431 2456 1598 2492 knieend
1640 2456 1874 2503 dargestellt‚
1926 2456 2110 2491 wahrend

242 2512 310 2547 der
341 2510 666 2557 eigenthfimliche
699 2511 1002 2548 Schmuckhelm
1035 2517 1178 2549 sammt
1209 2512 1388 2559 Zugehor
1418 2515 1506 2550 dem
1556 2513 1709 2561 Haupte
1751 2514 1862 2559 J'edes
1909 2514 2111 2550 einzelnen

239 2568 380 2606 Ritters
410 2578 480 2605 zur
510 2569 613 2606 Seite
655 2569 879 2616 abgebildet
920 2571 1139 2606 erscheint«
1185 2571 1370 2618 (Hanslik
1414 2572 1454 2608 S.
1500 2572 1614 2617 612³).
1676 2571 1719 2608 In
1766 2573 1948 2619 operculo
1981 2582 2108 2618 super.

241 2628 378 2663 eadem
407 2637 561 2672 manus,
594 2637 693 2674 quae
734 2628 889 2664 titulum
920 2628 1182 2675 inscripserat,
1215 2630 1442 2668 annotavit:
1479 2634 1656 2677 »emptus
1690 2631 1742 2666 20
1774 2631 1837 2667 ss.«

383 2738 421 2793 8
1058 2740 1098 2790 I.
1135 2740 1196 2792 A.
1236 2742 1281 2791 7.

246 2833 389 2875 chart.
421 2844 538 2874 saec.
570 2832 714 2874 XVII
737 2835 778 2873 et
807 2831 974 2874 XVIII
994 2831 1043 2888 ff.
1077 2836 1157 2875 III
1193 2847 1328 2886 num„
1358 2836 1549 2876 30><20
1579 2848 1666 2877 cm.
1697 2836 1737 2876 d.
1771 2849 1830 2876 m.

392 2913 420 2953 f.
458 2914 499 2953 1·
526 2913 720 2955 »Anima
739 2915 942 2965 genuina
960 2915 1197 2956 Historiae
1226 2916 1443 2957 Publicae
1474 2920 1744 2958 nostrorum
1776 2921 2040 2968 temporum
2062 2918 2117 2957 ab

248 2980 288 3012 a.
322 2969 432 3012 1519
463 2982 547 3012 seu
577 2971 685 3012 Idea
714 2972 1063 3014 Machiavellica
1094 2974 1401 3025 sesquiseculi
1433 2973 1684 3016 Gallicani«
1711 2979 1790 3015 etc.
1814 2974 2118 3027 (Supplemen-

249 3030 341 3068 tum
373 3029 596 3080 quoddam
628 3030 718 3070 libri
749 3034 996 3082 germanici,
1030 3034 1103 3083 qui
1139 3033 1252 3073 »hoc
1282 3044 1406 3073 anno
1442 3032 1550 3073 1675
1583 3033 1738 3084 prodiit
1770 3034 1852 3073 sub
1887 3035 2007 3074 titulo
2030 3033 2121 3072 Ma-

253 3085 488 3126 chiavellus
520 3086 774 3140 Gallicus«)

253 3200 293 3239 d.
395 3143 423 3183 f.
455 3141 531 3184 61¹>
566 3143 682 3185 »Nos
714 3147 782 3186 hic
815 3146 991 3186 tandem
1023 3151 1161 3188 totum
1209 3152 1437 3188 tractatum
1477 3153 1675 3188 nostrum
1718 3148 1903 3188 Idealem
1940 3149 2117 3188 conclu-

283 3211 438 3241 lmus«
