2476 3782
1279 326 1336 366 40

374 463 718 512 germanicorum
750 473 861 500 saec.
892 463 1003 509 XIV,
1041 476 1203 511 quorum
1236 467 1433 512 specimen
1465 469 1584 504 edidit
1615 468 1648 505 J.
1681 469 1789 504 Kelle
1821 471 1859 504 in
1892 468 2024 516 Serap.
2066 470 2162 507 1861
2201 481 2238 516 p.

377 522 471 558 376.
504 521 605 557 Inter
636 522 700 558 sol.
734 523 803 558 ult.
837 526 874 557 et
905 524 1056 558 thecam
1089 523 1263 560 eiusdem
1296 526 1382 561 cod.
1415 530 1475 561 est
1505 526 1570 563 fol.
1604 528 1764 563 membr.
1796 527 1908 563 valde
1942 529 2113 563 attritum
2145 538 2266 564 con-·

375 579 502 615 tinens
534 579 789 625 fragmentum
821 582 1025 616 cuiusdam
1057 581 1144 616 libri
1175 582 1284 619 form.
1318 582 1469 628 epistol.
1502 594 1606 621 saec.
1638 580 1743 622 XIV.

513 701 589 755 40
1021 704 1061 754 I.
1099 705 1159 755 A.
1195 706 1277 755 30.
1313 716 1372 763 (Y.
1397 717 1441 750 Π.
1467 718 1498 750 2.
1523 728 1557 752 n.
1582 718 1653 757 47.)

375 796 519 836 chart.
553 808 595 835 α.
628 795 742 836 1403
756 796 816 850 ff
871 797 957 837 234
988 797 1044 838 42
1065 798 1188 849 ><30
1220 811 1291 838 cm
1323 799 1380 839 ab
1429 812 1517 840 uno
1546 801 1701 840 scriba
1733 800 1918 853 egregie,
1961 800 2039 841 sed
2062 799 2238 853 passim

374 854 525 893 minus
556 854 799 904 diligenter,
841 859 1058 896 exaratus
1097 860 1228 908 atque
1265 859 1517 910 sumptuose
1548 858 1609 898 lit.
1643 858 1802 898 initiat.
1829 857 2072 910 picturatis
2103 858 2265 908 dean-¹

374 912 575 963 ratisque
605 913 646 951 et
676 912 876 952 rubricis
899 914 1139 966 permultis
1169 917 1420 955 exornatus.

489 991 817 1033 Revelationes
839 993 880 1033 b.
901 993 1114 1045 Brigidae
1145 1006 1251 1035 cum
1270 995 1370 1035 vita
1391 995 1599 1036 eiusdem
1631 999 1676 1036 et
1707 997 1833 1037 bulla
1855 993 2236 1037 canonisationis.

512 1050 632 1090 Initio
665 1054 774 1090 sext.
808 1050 822 1090 Ι
855 1051 990 1091 deest.
1033 1052 1078 1091 F.
1116 1053 1130 1091 1
1169 1055 1315 1104 incipit
1344 1053 1412 1093 lib.
1444 1053 1483 1092 V
1515 1057 1556 1093 et
1587 1058 1788 1094 tractatur
1833 1066 1974 1106 usque
2021 1054 2076 1093 acl
2108 1054 2135 1094 f.
2174 1053 2236 1102 12,

375 1119 462 1159 quo
494 1110 824 1159 interrumpitur.
858 1109 884 1149 f.
923 1109 973 1148 13
1005 1110 1074 1149 lib.
1107 1110 1122 1149 I
1154 1123 1180 1150 a
1210 1122 1304 1162 cap.
1338 1111 1386 1150 21
1425 1111 1606 1162 (initium
1640 1112 1793 1163 deest).
1826 1112 1853 1152 1.
1886 1112 2056 1152 30-—77
2089 1112 2158 1151 lib.
2190 1111 2261 1152 II.‘

374 1166 400 1205 1.
435 1165 604 1205 77-92
637 1167 706 1205 lib.
730 1166 793 1205 III.
817 1166 844 1206 f.
869 1167 1069 1208 92—128
1091 1168 1160 1208 lib.
1183 1167 1239 1207 IV
1260 1180 1349 1208 non
1366 1171 1541 1220 integer.
1574 1169 1618 1209 F.
1647 1170 1726 1209 128
1758 1181 1858 1221 seq:
1893 1170 1946 1209 de
1988 1170 2239 1210 excellentia

374 1225 639 1275 angelorum.
698 1224 743 1264 F.
791 1225 872 1263 144
931 1225 1140 1277 »Explicit
1179 1227 1283 1265 liber
1329 1230 1507 1277 quartus
1552 1239 1627 1278 per
1667 1239 1825 1267 manus
1857 1227 2036 1268 Nicolai
2068 1234 2175 1267 etc«.
2208 1227 2236 1267 f.

380 1282 457 1320 145
470 1282 602 1321 ---156
634 1282 702 1322 lib.
735 1281 803 1322 IV.
837 1283 1085 1323 absolvitur.
1119 1283 1146 1323 f.
1185 1284 1408 1323 157-159
1440 1285 1507 1324 lib.
1544 1284 1584 1323 V
1614 1284 1684 1324 fol.
1723 1285 1772 1324 12
1805 1289 2065 1337 interruptus
2096 1286 2238 1325 absol-

373 1342 497 1379 vitur.
530 1339 557 1379 1.
598 1339 815 1378 159-221
854 1341 922 1380 lib.
954 1340 1010 1380 VI
1042 1345 1084 1380 et
1112 1340 1186 1380 VII
1218 1341 1325 1393 (non
1358 1342 1550 1394 integer).
1594 1342 1621 1382 1.
1665 1343 1892 1382 221—222
1938 1343 2151 1394 Legenda
2198 1343 2237 1382 b.

375 1397 583 1448 Brigidae
616 1398 722 1448 (non
740 1398 934 1450 integra).
958 1399 985 1438 f.
1004 1398 1234 1438 223-225
1265 1403 1530 1439 continuatio
1548 1400 1616 1439 lib.
1639 1399 1713 1439 VII
1731 1403 1825 1440 sine
1842 1400 1942 1440 fine.
1963 1400 2231 1440 f.226-231

374 1455 577 1506 Legenda
608 1456 889 1495 concluditur.
922 1456 949 1496 f.
982 1456 1213 1496 231—234
1242 1457 1375 1497 Bulla
1410 1458 1790 1506 canonisationis,
1833 1459 1888 1497 ad
1921 1461 2044 1498 cuius
2076 1458 2238 1498 calcem

373 1515 482 1552 haec
514 1517 617 1552 nota
648 1517 735 1552 est:
773 1513 981 1564 »Explicit
1025 1515 1209 1566 legenda
1240 1526 1328 1554 una
1359 1526 1459 1554 cum
1492 1516 1607 1554 bulla
1638 1519 1988 1556 canonisacionis
2023 1520 2096 1556 bte
2127 1516 2237 1568 Byr·

372 1572 485 1621 gitte
526 1572 633 1610 alias
676 1571 845 1622 Brigide
888 1583 1052 1623 sponse
1095 1572 1251 1612 Christi
1294 1584 1383 1612 una
1428 1584 1527 1612 cum
1560 1576 1654 1612 aliis
1686 1574 1801 1612 libris
1834 1577 2035 1624 superius
2067 1576 2237 1625 scriptis

373 1629 510 1668 ffinita
542 1629 725 1668 sabbato
767 1629 876 1668 infra
907 1634 1086 1669 octavas
1120 1631 1177 1669 bti
1219 1630 1367 1670 Jacobi
1399 1632 1585 1682 apostoli
1616 1632 1792 1682 gloriosi
1824 1643 1900 1682 per
1930 1642 2089 1671 manus
2120 1631 2237 1672 Mar—

371 1687 457 1726 tini
487 1687 665 1726 Alberti
697 1688 752 1726 de
784 1687 1062 1728 Szatroczim
1097 1688 1319 1727 Plocensis
1352 1688 1540 1728 diocesis
1573 1689 1656 1728 sub
1688 1701 1804 1729 anno
1837 1689 1889 1729 D.
1928 1689 2075 1729 1403«

508 1757 694 1794 Nicolaus
737 1769 855 1804 supra
896 1761 1063 1805 scriptus
1105 1761 1256 1795 videtur
1286 1759 1405 1795 fuisse
1437 1761 1654 1796 rubricator
1686 1761 1834 1797 codicis
1867 1763 1982 1807 atque
2013 1762 2138 1806 pictor
2168 1754 2235 1797 de-

375 1820 607 1862 auratorque
638 1816 694 1852 lit.
737 1816 957 1863 initialium,
1000 1827 1098 1863 quae
1130 1818 1154 1854 f.
1193 1818 1226 1863 1,
1261 1817 1297 1861 2,
1343 1818 1409 1862 31,
1443 1818 1511 1863 46,
1545 1818 1611 1863 52,
1645 1819 1712 1863 95,
1743 1819 1841 1860 -128,
1882 1819 1971 1862 159,
2013 1818 2107 1862 206,
2143 1818 2237 1864 207,

376 1874 470 1918 221,
506 1874 578 1909 231
619 1874 879 1909 inveniuntur.

514 1986 571 2038 41
1183 1986 1220 2036 I.
1260 1987 1308 2036 A
1344 1988 1425 2036 31.

374 2081 516 2120 chart.
551 2092 593 2120 a.
630 2080 916 2121 1738—1785
937 2081 990 2134 ff.
1022 2081 1110 2121 205
1139 2092 1274 2126 num..
1307 2080 1363 2120 44
1383 2081 1496 2122 >130
1527 2093 1610 2120 cm.
1644 2082 1684 2121 d.
1719 2093 1777 2120 m.

517 2161 808 2202 Documenta
839 2153 1118 2202 conventum
1148 2161 1230 2202 FF.
1264 2161 1496 2201 minorum
1543 2162 1587 2202 S.
1627 2161 1862 2202 Francisci
1896 2161 2238 2212 Capucinorum

374 2219 944 2259 Bohemo-Budvicensem
975 2231 1060 2259 nec
1091 2231 1188 2260 non
1218 2219 1464 2259 historiam
1505 2223 1549 2259 et
1594 2219 1831 2271 privilegia
1878 2218 2080 2259 civitatis
2122 2219 2237 2260 Bud-

374 2277 578 2317 vicensis
610 2277 937 2317 concernentia
977 2278 1155 2316 collecta
1198 2289 1358 2328 magna
1399 2289 1454 2316 ex
1486 2281 1603 2329 parte
1636 2289 1691 2317 ex
1722 2278 1896 2316 archivo
1929 2277 2105 2328 praefati
2136 2288 2237 2317 con-

373 2339 544 2375 ventus.
1718 2340 1719 2343 ’

517 2404 544 2444 1.
584 2405 617 2444 1.
651 2405 803 2455 (titulus
819 2408 847 2453 ς)
878 2404 1193 2444 Protocollum
1224 2407 1485 2444 conventus
1517 2404 1596 2444 FF.
1630 2407 1844 2444 minorum
1877 2402 1921 2443 S.
1955 2403 2105 2443 Franc.
2134 2403 2237 2451 ,Ca-

374 2463 649 2513 pucinorum
681 2465 761 2502 loci
793 2462 924 2513 hujus
958 2462 1455 2502 Boemo-Budvicensis
1487 2462 1543 2501 ad
1575 2461 1619 2502 S.
1653 2463 1825 2501 Annam
1857 2462 1912 2500 ab
1948 2463 2065 2500 initio
2088 2461 2236 2513 (1614)

374 2522 624 2560 inchoatum
657 2521 820 2567 (scribi)
853 2532 891 2560 a.
930 2520 1050 2560 1738.

518 2589 545 2628 f.
637 2589 799 2628 2-—111
838 2590 941 2629 Pars
1012 2590 1040 2630 I.
1073 2589 1263 2629 Historia
1293 2601 1419 2629 conv.
1451 2601 1489 2629 a.
1528 2589 1821 2628 1614-1785,

518 2647 545 2686 1.
584 2647 799 2686 112—141
881 2665 898 2682 »
996 2648 1042 2688 II.
1074 2647 1282 2687 Historia
1313 2647 1436 2688 civit.
1467 2643 1792 2687 BudvicensiS.

518 2704 545 2744 f.
584 2704 806 2744 142——186
881 2723 898 2739 »
977 2705 1039 2745 HI.
1072 2705 1317 2756 Privilegia
1348 2705 1476 2745 civit.
1506 2704 1828 2744 Budvicensis.

519 2762 545 2801 f.
585 2762 807 2801 187—196
882 2780 899 2797 >›
973 2763 1041 2802 IV.
1075 2763 1139 2802 De
1171 2767 1358 2802 monast.
1391 2762 1780 2802 Dominicanorum
1811 2761 2086 2800 Budvicensi.

519 2820 545 2859 1.
584 2820 808 2859 197—199
841 2820 1076 2871 Catalogus
1109 2822 1269 2860 archivi
1301 2821 1612 2860 conventualis.

519 2878 545 2917 1.
580 2877 808 2917 200—205
839 2879 1021 2918 Indices.

518 2948 619 2984 Inter
650 2949 672 2985 f.
709 2949 761 2984 34
793 2949 825 2984 8(
859 2950 909 2985 35
943 2950 1088 2985 inserta
1120 2954 1178 2985 est
1210 2960 1282 2986 ms.
1317 2949 1423 2984 bulla
1453 2949 1652 2985 Benedicti
1683 2947 1773 2983 XIV
1805 2958 1838 2983 a.
1879 2947 1984 2983 1756
2009 2946 2233 2994 Capucinos

376 3017 628 3042 concernens.
675 3007 776 3042 Inter
806 3008 829 3043 f.
865 3008 916 3043 69
951 3007 983 3042 Sc
1015 3008 1067 3044 70
1119 3008 1265 3043 inserta
1297 3011 1355 3042 est
1415 3006 1528 3042 Senis
1561 3017 1595 3042 a.
1634 3006 1739 3041 1678
1773 3005 1963 3051 impressa
2007 3006 2142 3040 relatio
2173 3004 2233 3040 Fr.

374 3063 470 3100 Lud.
503 3064 641 3099 Felicis
674 3064 718 3100 Ο.
751 3064 805 3100 M.
838 3066 883 3100 de
916 3067 1087 3111 quodam
1119 3065 1318 3101 miraculo.
1365 3064 1467 3099 Inter
1496 3064 1519 3100 f.
1567 3063 1644 3100 100
1686 3063 1718 3098 81
1764 3063 1837 3099 101
1889 3062 2130 3108 agglutinata
2175 3066 2234 3098 est

374 3121 521 3166 effigIes
554 3122 838 3158 interfectarum
880 3134 914 3159 a.
969 3123 1074 3159 1738
1107 3122 1310 3161 Montibus
1343 3121 1481 3157 Cutnis
1514 3132 1536 3156 a
1567 3122 1736 3166 quodam
1768 3120 1965 3155 homicida
1997 3121 2019 3156 8
2051 3130 2235 3166 persona-

375 3189 471 3224 rum,
505 3181 550 3214 de
583 3190 659 3224 quo
693 3181 902 3215 homicidio
936 3181 1129 3226 praecedit
1159 3180 1199 3215 in
1231 3179 1365 3218 codice
1405 3179 1543 3215 relatio
1591 3179 1806 3214 bohemica.
1869 3177 2068 3213 Nonnulla
2113 3179 2236 3213 docu—

376 3240 505 3272 menta
551 3238 724 3282 partibus
771 3237 786 3272 I
828 3237 860 3272 &
899 3237 950 3272 III
990 3238 1135 3275 inserta
1176 3240 1268 3272 sunt
1298 3236 1531 3282 germanica.
1564 3235 1640 3281 (Cf.
1674 3237 1788 3271 etiam
1821 3237 1908 3272 cod.
1940 3234 1986 3272 ΙΙ.
2021 3235 2064 3272 D.
2098 3234 2156 3280 4).
2203 3233 2235 3270 E

376 3298 542 3330 monast.
577 3293 865 3340 Capucinorum
896 3295 1147 3330 Budvicensi.
2204 3312 2206 3314 ·

1286 3440 1327 3471 10
