2476 3782
1141 225 1196 265 62

367 361 438 415 59
479 362 550 416 60
1071 362 1111 411 I.
1149 362 1208 411 B.
1246 364 1295 412 5.

231 451 412 496 Codices
451 456 541 496 duo
585 455 730 496 chart.
773 454 1050 507 autographi
1076 453 1281 505 formae,
1323 467 1439 507 quae
1479 456 1648 496 dicitur
1691 457 1956 509 imperialis,
1984 470 2099 499 saec.

226 511 394 554 XVIII
432 513 492 554 iu.
532 513 669 554 nitide
698 512 880 553 exarati
917 514 956 552 et
985 512 1142 552 multis
1172 512 1425 566 insignibus
1456 514 1701 554 lzeraldicis
1732 516 1771 554 et
1801 517 2101 568 conspectibus

227 570 406 612 urbium
436 571 615 612 calamo
637 572 977 622 atramentoque
1000 567 1209 611 Chineusi
1228 571 1390 616 (tusch)
1414 571 1646 611 delineatis
1666 573 1878 621 exornati,
1911 586 2102 625 quorum

226 628 344 671 alter
372 628 436 682 (a)
464 628 565 678 274,
594 629 712 669 alter
742 629 805 680 (b)
834 627 922 669 314
937 628 997 681 ff.
1031 639 1169 676 num„
1197 627 1388 669 49><36
1418 641 1502 669 cm.
1535 630 1735 670 continet.
1775 630 1948 671 Titulus
1978 633 2100 684 operi

227 685 366 727 etiam
396 686 597 739 alioquin
626 698 713 726 non
745 686 808 726 ad
837 694 1033 739 unguem
1065 686 1298 726 elaborato
1330 687 1458 727 deest.

363 765 625 817 Descriptio
655 765 838 817 imperii
866 764 1365 808 Romano-Germanici
1395 766 1618 808 historica
1639 771 1777 819 atque
1798 770 2105 821 geographica

226 826 418 865 auctore
448 823 698 865 Guilielmo
738 823 995 873 Etzweiler‚
1038 827 1250 864 canonico
1292 822 1641 877 Wysegradensi
1673 827 1717 877 (†
1754 827 1894 876 1718).

359 895 404 932 In
434 895 511 932 fine
543 897 631 934 cod.
664 906 690 932 a
719 906 848 943 pauca
888 897 1085 932 adduntur
1116 898 1162 932 de
1203 897 1386 933 America
1416 901 1453 932 et
1483 897 1616 933 Africa
1646 903 1718 935 etc.
1751 898 1795 934 In
1827 899 1930 935 foliis
1962 900 2102 945 praeli-

225 953 328 999 gatis
366 953 569 1001 utriusque
612 955 699 990 cod.
741 954 908 990 occurrit
949 958 1056 1000 nota,
1098 955 1220 990 hocce
1262 956 1408 1001 grande
1451 965 1551 1001 opus
1594 966 1713 991 manu
1746 958 1916 993 auctoris
1947 958 2105 1004 propria

215 1011 491 1059 conscriptum
529 1013 629 1048 inter
668 1012 768 1048 alios
808 1012 930 1048 libros
977 1023 1012 1049 a.
1061 1012 1168 1049 1718
1214 1012 1387 1059 legatum
1419 1023 1505 1049 esse
1539 1013 1863 1060 archiepiscopali
1894 1014 2104 1051 seminario

213 1066 422 1116 Pragensi,
454 1070 567 1106 cuius
599 1074 724 1107 rector
753 1080 821 1117 per
857 1070 904 1106 13
939 1080 1066 1106 annos
1098 1070 1211 1107 fuerit
1240 1070 1454 1109 Etzweiler.
1488 1071 1581 1107 Inde
1605 1072 1739 1108 nescio
1762 1073 1920 1119 quando
1943 1074 2102 1109 codices

228 1127 279 1164 ad
309 1137 385 1164 nos
415 1132 685 1175 pervenerunt.

365 1238 418 1298 61
1041 1240 1080 1289 Ι.
1117 1241 1178 1289 Β.
1217 1242 1263 1289 6.

224 1332 374 1431 chart}
403 1332 588 1379 miscell.
614 1333 792 1386 partim
838 1346 955 1374 saec.
987 1332 1160 1374 XVIII.
1189 1334 1364 1387 partim
1395 1334 1495 1375 XV.
1520 1335 1574 1389 ff.
1622 1348 1745 1376 num.
1777 1336 1879 1386 358,
1918 1337 2105 1379 33><21

227 1402 310 1431 cm.
377 1422 386 1431 .
418 1402 479 1431 m.

369 1471 397 1512 f.
435 1472 603 1513 1—168
634 1472 1012 1516 Commentarius
1043 1473 1093 1513 in
1112 1473 1432 1527 Apocalypsin
1455 1475 1500 1515 S.
1521 1474 1768 1516 Johannis.
1803 1474 1927 1516 Sacc.
1960 1477 2106 1517 XVIII.

226 1527 399 1570 Desunt
428 1532 516 1570 init.
548 1531 577 1570 4
607 1530 679 1572 fol.
713 1535 754 1571 et
784 1531 898 1572 finis.
932 1530 1122 1583 Singulis
1169 1532 1281 1572 foliis
1328 1534 1597 1573 inscribitur:
1652 1534 1953 1586 »Apocalipsis
1999 1535 2104 1575 Jesu

230 1585 431 1629 Christi«

342 1642 344 1645 ’
372 1657 400 1698 f.
438 1657 665 1698 169—226
697 1657 874 1707 Cicero,
905 1658 974 1700 De
1005 1658 1188 1710 officiis,
1220 1659 1268 1700 in
1300 1660 1424 1701 mhd.
1456 1660 1816 1712 Uebersetzung.
1841 1661 1935 1701 xv.
1958 1662 2105 1703 Jahrh.

230 1717 274 1756 in
307 1714 333 1755 2
366 1714 458 1757 Col.
490 1717 660 1767 geschr.
693 1717 794 1768 (vgl.
827 1716 946 1757 Kelle
978 1720 1036 1757 im
1069 1716 1310 1770 Serapeum
1348 1718 1469 1767 1861,
1503 1718 1621 1768 353).

369 1783 397 1824 f.
430 1784 662 1830 227—368
708 1784 955 1834 (Guidonis
996 1787 1052 1830 de
1097 1787 1347 1839 Columna)
1388 1788 1599 1829 Historia
1643 1788 1843 1841 Trojana
1889 1789 1936 1829 in
1978 1790 2101 1831 mhd.

223 1841 685 1895 Prosabearbeitung.
718 1843 811 1884 XV.
843 1844 989 1885 Jahrh.
1021 1849 1064 1885 in
1096 1846 1121 1885 2
1155 1845 1246 1886 Col.
1279 1847 1450 1897 geschr.
1498 1847 1674 1898 Anfang
1715 1859 1757 1887 u,
1790 1847 1915 1888 Ende
1947 1847 2104 1888 fehlen.

223 1899 340 1953 (Vgl.
372 1900 491 1941 Kelle
526 1900 720 1954 ibidem.)

364 2015 434 2069 62
1046 2018 1087 2068 I.
1125 2019 1183 2067 B.
1225 2019 1268 2068 7.

233 2109 379 2150 chart.
410 2121 524 2150 saec.
557 2108 651 2149 XV
659 2109 721 2164 ff
752 2110 840 2151 393
870 2111 1007 2162 nuni„
1039 2112 1226 2152 29><21
1259 2124 1344 2152 cm.
1379 2113 1420 2153 d.
1455 2125 1512 2153 uz.

368 2190 396 2232 f.
434 2190 642 2232 12—1902
667 2191 888 2240 (Thomae
909 2192 1209 2235 Ebendorffer
1230 2194 1304 2243 de)
1326 2193 1588 2238 Haselbach
1620 2194 1932 2247 Quaestiones
1965 2207 2107 2248 super

223 2248 780 2347 glttllanliffiagintentiarum.
845 2249 997 2291 »Circa
1042 2254 1223 2303 primam
1272 2253 1627 2292 distinceionem«
1679 2254 1723 2290 ><
1774 2253 1917 2305 »quod
1963 2257 2102 2306 possit

209 2423 211 2426 ¹
368 2375 396 2416 s.
434 2374 703 2423 190b—237b
729 2377 974 2430 Expositio
1005 2378 1232 2420 orationis
1264 2379 1536 2424 dominicae.
1573 2379 1785 2420 ›Orantes
1819 2382 1950 2420 nolite
1994 2382 2100 2420 mul-

223 2437 315 2475 tum
346 2434 488 2486 loqui«
528 2437 567 2472 ><
604 2436 884 2476 »devocionis
916 2440 984 2476 est
1015 2440 1333 2478 excitativum«

367 2502 396 2544 f.
429 2501 703 2544 237ῑ)-2408
754 2505 1021 2557 ›Registrum
1068 2517 1200 2558 super
1255 2506 1521 2559 Questiones
1574 2510 1712 2558 quarti
1764 2506 2096 2548 Sentenciarum

223 2560 395 2602 Thome
426 2562 480 2602 de
510 2561 762 2603 Hazelbach
786 2595 794 2604 .
816 2595 823 2603 .
849 2596 857 2604 .
885 2576 962 2616 per
992 2563 1190 2605 Crucem
1220 2564 1276 2605 de
1306 2564 1439 2609 Telcz
1455 2577 1493 2605 a.
1517 2563 1627 2608 1478
1645 2565 1718 2605 fer.
1736 2565 1792 2605 VI
1810 2570 1911 2617 post
1942 2565 2096 2606 Cathe-

225 2622 315 2660 rine
346 2622 389 2660 in
419 2619 624 2661 Trzebon
657 2623 698 2660 in
731 2624 950 2661 noviciatu
981 2625 1279 2663 existentem«

370 2677 398 2717 f.
431 2677 703 2719 2412—2702
729 2678 974 2731 Expositio
1004 2680 1087 2721 XII
1117 2680 1478 2732 antiphonarum
1502 2713 1510 2721 .
1536 2713 1544 2721 .
1571 2713 1578 2721 .
1603 2693 1686 2732 que
1736 2685 1965 2721 cantantur
2000 2686 2099 2721 ante

226 2738 489 2789 nativitatem
522 2735 698 2777 domini.
735 2736 934 2777 »Laudes
966 2742 1008 2778 et
1038 2750 1215 2790 preces«
1252 2740 1296 2777 ><
1334 2743 1398 2779 »et
1428 2740 1606 2790 gloriam
1641 2742 1682 2778 in
1714 2739 1898 2778 futuro«

370 2793 397 2834 s.
431 2793 703 2834 2712—2962
729 2794 910 2836 Nicolai
952 2796 1008 2836 de
1050 2795 1382 2847 Dinckelspuel
1412 2796 1606 2837 Postilla
1646 2808 1788 2847 super
1817 2796 2098 2847 passionem.

230 2849 470 2892 »Dominus
502 2856 544 2891 et
575 2853 766 2893 salvator
796 2858 968 2893 noster«
1005 2856 1047 2892 ><
1085 2855 1300 2894 »salvator
1330 2859 1479 2894 noster
1519 2859 1560 2895 et
1606 2855 1824 2903 dominus,
1868 2858 1964 2907 qui«
2017 2859 2096 2895 etc.

370 2909 398 2950 f.
431 2909 702 2950 29722—311a
727 2910 907 2952 Nicolai
937 2912 992 2952 de
1023 2911 1147 2964 Lyra
1176 2912 1418 2959 Tractatus
1451 2913 1506 2952 de
1546 2912 1829 2953 Probatione
1870 2913 2098 2953 adventus

226 2964 402 3008 Christi
440 2978 524 3018 per
563 2968 819 3019 scripturas
861 2981 889 3009 a
926 2970 1117 3011 Judaeis
1158 2974 1383 3021 receptas.
1435 2970 1662 3022 »Queritur
1706 2975 1873 3010 utrum«
1910 2972 1952 3008 ><
1989 2971 2098 3010 »Ex-

228 3024 341 3075 plicit
371 3028 540 3076 questio
573 3026 626 3066 de
659 3027 912 3078 probatione
938 3060 946 3068 .
971 3059 979 3068 .
1006 3060 1014 3068 .
1048 3028 1331 3068 determinata
1361 3041 1399 3067 a.
1439 3027 1559 3075 1309,
1594 3031 1635 3067 in
1668 3040 1755 3079 quo
1778 3039 1891 3079 opus
1915 3040 2096 3079 presens

229 3084 436 3133 scriptum
473 3082 591 3127 suits.

371 3139 398 3180 f.
430 3139 703 3188 3122—3231‘
729 3141 820 3194 (Fr.
852 3142 1119 3195 Theobaldi)
1151 3143 1378 3184 pharetra
1398 3148 1561 3188 contra
1589 3143 1807 3185 Judaeos.
1852 3144 1921 3183 »In
1950 3144 2096 3196 dispu-

228 3199 397 3237 tacione
438 3197 699 3247 judeorum«
739 3201 780 3238 ><
816 3200 957 3241 »Finis
990 3202 1185 3252 pharetre
1218 3213 1255 3241 c.
1288 3201 1350 3241 J.‹
1385 3202 1431 3249 (s.
1465 3201 1549 3241 312
1582 3202 1757 3242 rubric.:
1795 3201 1906 3241 »Ista
1938 3205 2096 3254 scripta

290 3335 497 3374 TRUHLAR:
528 3346 585 3375 eat
606 3353 675 3384 cod.
697 3347 749 3376 m.
1144 3349 1184 3381 17
