2476 3782
1112 280 1191 320 186

343 418 370 459 f.
404 417 616 459 3⁸—196b
656 418 836 460 Johlini
881 419 937 460 de
981 416 1199 459 Wodhan
1244 419 1469 460 Postillae
1515 419 1832 460 Zderaziensis
1878 431 1988 471 pars
2033 420 2084 461 11.

207 474 386 528 »Incipit
430 477 628 517 secunda
673 488 774 529 pars
823 477 991 529 postille
1042 475 1342 517 Sderasiensis
1389 475 1591 518 videlicet
1641 490 1742 530 pars
1789 478 2084 530 quadragesi-

205 533 410 575 malis..
432 566 442 575 .
474 538 648 587 incepta
680 535 764 574 sub
795 547 832 576 a.
867 535 909 576 d.
945 534 1055 575 1403
1086 535 1162 575 fer.
1205 534 1262 574 IV
1306 538 1503 587 sequenti
1552 540 1653 587 post
1683 536 1845 576 festum
1877 548 1912 576 s.
1946 535 2081 576 Galli«

204 591 249 630 ><
280 591 328 632 In
373 592 402 632 f.
456 592 536 633 196
567 593 808 633 absolvitur
839 604 984 633 sermo
1018 596 1061 633 in
1093 593 1168 633 fer.
1200 592 1240 631 V
1272 605 1445 645 magna.
1492 593 1539 633 In
1586 594 1724 634 fronte
1756 594 1827 635 fol.
1866 594 1943 634 197
1977 595 2085 634 haec

205 653 312 690 nota
342 653 549 691 occurrit:
587 649 659 691 ›Si
691 653 734 691 in
756 654 851 691 istis
874 651 1160 704 sequentibus
1182 651 1240 690 XI
1262 651 1375 691 foliis
1407 663 1496 691 non
1518 655 1673 703 poterit
1694 656 1832 693 totum
1856 653 1983 692 scribi
2007 685 2015 692 .
2042 685 2050 693 .
2075 685 2083 692 .

205 708 421 749 scribatur
449 711 493 749 in
523 709 674 749 ultimo
707 712 912 749 sexterno
944 712 1119 762 papiri«

344 777 372 818 f.
410 775 681 818 1972—2031»
714 777 956 818 Sermones
988 782 1030 819 et
1059 779 1167 819 aliae
1198 782 1328 819 notae
1361 779 1415 818 de
1448 789 1629 830 corpore
1661 778 1831 820 Christi.

343 847 371 888 f.
405 844 680 888 20412—-220b
712 846 868 888 Sermo
910 849 964 889 de
1006 851 1214 901 passione
1261 847 1433 897 Christi,
1485 860 1588 900 quo,
1636 853 1683 889 ut
1713 850 1894 899 videtur,
1943 850 2086 890 scriba

199 908 372 958 partem
403 905 438 947 H
467 906 666 958 postillae
698 906 898 947 absolvit.

343 974 370 1016 f.
404 975 636 1016 221—225
669 974 909 1016 Sermones
941 976 1105 1027 aliquot
1151 977 1435 1028 anepigraphi
1483 981 1526 1017 et
1555 980 1685 1017 notae
1717 978 1933 1029 quaedam
1966 978 2085 1018 theo-

204 1033 386 1085 logicae.
419 1032 485 1073 De
517 1033 588 1074 fol.
622 1034 772 1074 ultimo
803 1034 902 1074 vide
935 1045 1080 1086 supra.

344 1104 584 1143 Intrinsecus
617 1106 793 1152 operculi
827 1117 956 1154 super.
990 1117 1110 1142 manu
1140 1117 1244 1143 saec.
1276 1105 1351 1142 XV
1382 1111 1562 1144 notatur:
1615 1107 1752 1143 »Liber
1798 1106 1837 1144 S.
1886 1107 2079 1144 Corone«

349 1228 447 1283 184
1021 1230 1062 1280 Ι.
1099 1231 1163 1280 D.
1201 1231 1282 1280 44.

207 1322 352 1365 chart.
385 1335 429 1364 a.
461 1324 576 1366 1404
590 1324 654 1379 ff
687 1325 785 1374 201,
818 1326 1010 1366 29><22
1040 1337 1118 1366 cm.
1152 1325 1193 1366 d.
1226 1338 1287 1366 m.

345 1404 374 1445 f.
412 1405 427 1445 1
466 1407 606 1455 (inc.:)
643 1406 723 1446 »Et
755 1411 824 1446 est
854 1407 1036 1446 collecta
1067 1418 1105 1446 a.
1149 1407 1189 1447 d.
1227 1405 1339 1447 1404
1385 1407 1458 1448 fer.
1507 1406 1564 1448 VI
1596 1411 1697 1459 post
1728 1407 1888 1448 festum
1920 1407 2088 1449 Urbani

206 1465 436 1503 continens
468 1466 511 1504 in
544 1475 593 1504 se
626 1475 857 1504 sermones
891 1465 944 1504 de
976 1469 1171 1516 tempore
1204 1478 1231 1506 a
1262 1466 1330 1505 die
1373 1465 1486 1506 festo
1530 1477 1663 1518 pasce
1705 1466 1914 1506 inclusive
1946 1478 2088 1519 usque

204 1520 264 1561 ad
309 1521 549 1561 adventum
597 1522 761 1563 domini
805 1524 1062 1563 exclusive.
1088 1557 1095 1563 .
1127 1557 1133 1563 .
1168 1527 1210 1563 et
1241 1526 1305 1565 sic
1337 1524 1418 1564 hec
1451 1524 1623 1575 postilla
1653 1527 1696 1563 in
1728 1528 1815 1564 tres
1847 1528 1992 1576 partes
2025 1525 2084 1564 di-

202 1581 304 1619 visa
350 1582 544 1620 continet
575 1583 618 1620 in
652 1592 699 1620 se
733 1592 963 1620 sermones
995 1592 1073 1632 per
1105 1582 1315 1621 circulum
1347 1585 1491 1622 anni«
1556 1581 1796 1623 Collatione
1843 1594 1943 1622 cum
1990 1583 2086 1623 cod.

203 1641 359 1678 nostro
390 1637 419 1678 Ι.
452 1637 499 1678 Β.
534 1638 590 1678 28
621 1642 801 1691 apparet
831 1640 982 1679 titulus
1013 1639 1107 1678 hic:

205 1705 384 1748 Johlini
414 1702 597 1760 (Jesek)
645 1708 701 1749 de
731 1705 944 1749 Wodfian
973 1708 1200 1750 Postillae
1231 1709 1551 1750 Zderaziensis
1582 1721 1692 1762 pars
1713 1709 1773 1751 111
1793 1709 2087 1763 (aestivalis).

346 1778 552 1827 Operculis
585 1780 758 1827 adligata
790 1785 883 1817 sunt
913 1781 1128 1827 fragmenta
1162 1784 1251 1820 cod.
1284 1782 1456 1819 hebraici
1487 1793 1591 1820 saec.
1623 1781 1728 1820 XIV.
1761 1783 1816 1830 (?)
1847 1782 1984 1819 Codex
2013 1783 2090 1830 pri-

206 1847 314 1877 mum
344 1842 514 1875 monast.
546 1837 853 1884 Borovanensis,
887 1840 1027 1886 deinde
1050 1840 1143 1880 bibl.
1178 1840 1506 1888 Rosenbergicae,
1539 1846 1736 1888 postremo
1758 1843 1897 1878 iterum
1917 1846 2087 1878 monast.

203 1895 368 1943 praefati
399 1895 484 1934 fuit.

352 2021 446 2076 185
1009 2024 1045 2074 I.
1082 2025 1148 2074 D.
1185 2025 1265 2075 45.

204 2112 312 2154 Duo
330 2112 460 2166 folia
491 2117 742 2157 membran.
770 2129 813 2156 a.
838 2118 965 2164 1592,
997 2119 1055 2159 52
1087 2130 1170 2158 cm.
1205 2119 1303 2159 alta
1335 2119 1375 2157 et
1403 2116 1461 2158 34
1493 2129 1578 2158 cm.
1612 2118 1722 2166 lata,
1744 2117 1790 2157 in
1812 2117 1976 2169 quibus
2005 2117 2089 2157 im-

204 2171 362 2212 mixtis
392 2173 455 2214 lit.
487 2174 649 2215 rubris
681 2175 1006 2228 callzgraphice
1027 2177 1283 2229 perscripm
1333 2178 1439 2215 sunt
1471 2176 1686 2216 carmina
1703 2174 1994 2227 funebralia,
2041 2178 2091 2216 ut

207 2229 383 2271 indicat
413 2231 487 2272 hic
519 2233 679 2273 titulus
709 2234 756 2273 in
774 2232 937 2285 fronte
958 2233 1047 2285 fol.
1074 2234 1223 2287 primi
1250 2233 1545 2275 rubricatus.-

346 2311 583 2365 Exequiae
615 2319 792 2356 ornatis.
827 2321 869 2357 et
900 2321 1003 2369 optt.
1051 2320 1178 2356 viror.
1221 2320 1306 2368 atq.
1341 2319 1632 2356 maximorum
1679 2319 1785 2355 natu
1825 2314 2089 2355 academiae

203 2368 460 2422 Pragensis
493 2373 852 2424 magistrorum:
885 2375 1088 2415 Mathiae
1118 2373 1378 2426 Bydzovini
1408 2374 1464 2414 ab
1495 2373 1744 2422 Auentino,
1777 2377 1903 2414 aetat.
1937 2373 2082 2413 LXXI.

207 2431 252 2468 et
278 2427 477 2471 Joannis
507 2430 654 2472 Fortii
684 2432 939 2484 Gurimeni,
971 2437 1099 2473 aetat.
1119 2432 1298 2474 LXXIII.
1333 2431 1491 2473 Christi
1523 2443 1628 2472 vero
1654 2431 1764 2472 1590
1786 2443 1925 2471 menS.
1949 2430 2085 2471 IIXbr.

209 2485 320 2527 dieb.
352 2486 511 2529 XXIIX
542 2494 584 2530 et
614 2490 738 2530 XXX
770 2494 836 2543 pie
870 2491 1210 2532 defunctorum.
1244 2489 1496 2542 Sequuntur
1538 2490 1626 2529 duo
1673 2493 1866 2530 carmina
1912 2493 2088 2529 auctore

204 2542 384 2586 ThOma
415 2545 526 2588 Mite
557 2547 836 2600 Lymusaeo.
898 2550 944 2590 In
992 2550 1147 2589 eodem
1197 2549 1266 2589 fol.
1300 2559 1430 2588 verso
1477 2551 1685 2600 reperitur
1715 2559 1891 2588 carmen
1922 2547 2090 2587 Adami

203 2601 478 2645 Hradisteni
507 2607 550 2645 in
583 2607 749 2647 obitum
781 2607 839 2647 M.
873 2607 1054 2648 Joannis
1087 2607 1228 2647 Fortii.
1291 2607 1337 2646 In
1370 2606 1441 2646 fol.
1475 2607 1609 2646 altero
1643 2606 1725 2645 sub
1757 2606 1901 2646 titulo:
1939 2605 2086 2644 »Alius

208 2665 361 2702 auctor
391 2662 514 2703 fecit«
551 2668 619 2704 est
650 2676 826 2706 carmen
858 2665 974 2717 Mag.
1006 2665 1175 2706 Adami
1204 2665 1390 2705 Rosacii
1423 2663 1630 2704 Suticeni
1661 2667 1704 2703 in
1735 2664 1902 2703 obitum
1935 2674 2088 2703 eorun-

209 2718 310 2759 dem
342 2723 661 2772 magistrorum,
693 2724 750 2764 ad
782 2727 908 2763 cuius
940 2725 1104 2764 calcem
1138 2724 1280 2763 scriba
1311 2734 1473 2762 nomen
1506 2733 1636 2762 suum
1670 2724 2086 2773 monogrammatice

207 2777 387 2819 velavit:
424 2778 531 2819 »MR
563 2785 736 2833 scripsit
767 2794 821 2822 m.
857 2794 896 2834 p.
933 2781 1055 2822 1592.
1089 2781 1129 2822 3.
1163 2780 1340 2822 Calend.
1375 2780 1516 2820 Maii«

353 2906 444 2960 186
1032 2908 1073 2958 Ι.
1110 2909 1168 2958 Ε.
1206 2907 1252 2956 I.

206 3002 357 3042 chart.
390 3012 433 3043 a.
457 3002 660 3056 1659‚ff.
693 3003 763 3053 50,
797 3004 913 3045 19><
933 3005 992 3044 15
1020 3016 1103 3044 cm.
1136 3005 1159 3044 I
1193 3016 1252 3043 m.

348 3083 514 3124 Brevis
545 3084 710 3125 relatio
742 3085 1023 3126 missionum
1053 3088 1240 3136 patrum
1273 3082 1513 3124 societatis
1534 3082 1651 3123 ,Iesu
1672 3081 1720 3121 in
1740 3080 1876 3121 Nova
1894 3080 2089 3121 Francia

209 3153 239 3182 a
268 3141 321 3182 R.
353 3141 404 3182 P.
437 3141 686 3184 Francisco
717 3143 926 3194 Josepho
957 3142 1182 3184 Bressani
1228 3141 1424 3181 eiusdem
1474 3142 1694 3180 societatis
1740 3138 1963 3178 Bononiae
2010 3142 2088 3178 im-

209 3212 367 3254 pressa
398 3201 535 3240 italice
567 3213 605 3241 a.
645 3201 752 3241 1653
786 3205 828 3241 et
858 3202 1120 3253 compendio
1158 3199 1378 3240 latinitati
1409 3198 1579 3239 donata
1609 3208 1732 3238 anno
1766 3195 1888 3237 1659.

350 3273 407 3310 Ex
438 3273 649 3309 residentia
680 3272 720 3312 S.
753 3273 786 3310 J.
819 3270 1076 3311 Libe‘sicensi.

1123 3419 1167 3453 69
