2476 3782
346 277 390 311 Vi

349 419 482 469 tisper
511 419 637 458 novis
668 416 870 456 librorum
903 416 1030 457 donis
1062 417 1288 469 suppletus
1320 420 1363 458 in
1395 418 1652 458 bibliotheca
1692 419 1861 457 musaei
1907 418 2024 467 regni
2066 415 2204 455 Bohe-

349 488 472 531 miae,
521 496 650 537 quem
683 486 820 537 primo
851 484 1004 526 Wenc.
1041 485 1198 526 Hanka
1229 487 1386 538 publici
1416 487 1521 526 iuris
1563 483 1713 538 fecit7),
1756 490 1976 538 postremo
2020 483 2203 525 Hanslik

348 557 467 606 operi
499 565 581 594 suo
613 559 671 606 (p.
710 554 892 604 18—22)
922 557 1114 602 inseruit,
1148 555 1190 596 in
1222 566 1321 608 quo,
1354 559 1401 596 ut
1421 556 1486 596 ille
1518 555 1797 607 computavit,
1835 554 1927 603 192,
1961 553 2205 593 secundum

348 622 563 664 Hanslikii
594 626 963 675 computationem
996 623 1080 664 204
1111 624 1286 664 codices
1332 626 1494 673 (certus
1536 627 1651 664 enim
1691 635 1900 664 numerus
1946 625 2075 663 statui
2116 633 2205 662 non

349 695 493 744 potest
523 696 695 744 propter
725 703 908 732 mancos
939 696 1131 733 veterum
1155 693 1448 744 catalogorum
1473 693 1636 745 titulos)
1659 695 1977 741 enumerantur,
2001 704 2023 731 e
2046 692 2204 743 quibus

348 761 404 801 42
454 763 672 812 posterius
717 760 851 800 additi
898 764 1011 809 sunt,
1068 763 1198 802 ceteri
1248 765 1385 813 prima
1434 773 1568 802 manu
1618 762 1809 813 inscripti
1855 762 2204 813 antiquissimam

348 830 515 881 collegii
557 827 742 869 Carolini
784 830 987 870 librorum
1035 831 1205 882 copiam
1254 835 1587 882 repraesentant.
1651 830 1907 883 Catalogum
1954 831 2070 870 hunc
2116 842 2204 870 non

349 909 449 938 esse
482 901 693 949 integrum
725 897 907 939 Hanslik
955 900 996 947 (l.
1029 911 1066 939 c.
1099 899 1186 949 22),
1233 899 1340 939 Rud.
1388 897 1616 949 Wolkan⁸)
1663 900 1817 940 eodem
1865 911 1953 940 non
1999 902 2205 940 contineri

348 968 478 1007 libros
510 967 729 1007 Wilhelmi
778 967 931 1007 decani
963 969 1261 1019 opinabantur.
1312 968 1433 1021 Quas
1469 972 1696 1020 opiniones
1727 969 1862 1009 salsas
1893 980 1993 1008 esse
2026 969 2204 1009 demon·

351 1043 483 1076 strare
516 1036 747 1076 studebam
781 1036 1083 1088 disquisitione
1115 1038 1345 1078 bohemica
1395 1037 1515 1078 »Dva
1547 1037 1659 1078 stare
1692 1038 1896 1090 katalogy
1927 1038 2031 1078 knih
2062 1037 2206 1090 kolleji

350 1102 668 1157 Praiskych«⁹)
710 1105 935 1156 probando
982 1109 1165 1157 primum
1211 1109 1455 1158 catalogum
1505 1119 1593 1147 non
1640 1118 1739 1146 esse
1786 1111 1998 1155 truncum,
2048 1119 2205 1159 nempe

347 1178 416 1214 cui
447 1175 588 1214 codex
620 1174 835 1214 Plinianus
867 1174 925 1226 (n.
959 1175 1089 1224 2425)
1120 1188 1174 1215 ne
1205 1177 1377 1216 inscribi
1418 1176 1591 1227 quidem
1625 1176 1850 1227 potuisset,
1893 1177 2078 1224 deinde„
2105 1188 2205 1220 curn

348 1255 482 1292 manu
528 1247 664 1295 prima
708 1244 941 1295 inscriptus
988 1249 1107 1284 esset
1152 1245 1292 1285 codex
1325 1244 1450 1293 2350,
1498 1248 1570 1297 qui
1615 1257 1670 1285 ex
1702 1245 1958 1285 bibliotheca
1988 1245 2206 1286 Wilhelmi

349 1312 502 1353 decani
534 1313 761 1353 manifeste
793 1316 1000 1364 provenit,
1034 1315 1277 1365 catalogum
1309 1317 1499 1366 acceptis
1532 1315 1708 1354 demum
1740 1316 1935 1355 eiusdem
1967 1315 2082 1355 libris
2104 1326 2205 1355 esse

347 1384 653 1433 conscriptum.
705 1382 772 1423 Ex
804 1383 1060 1422 bibliotheca
1106 1384 1269 1434 collegii
1301 1382 1488 1424 Carolini
1534 1386 1681 1434 utique
1713 1385 1833 1423 multi
1864 1384 2039 1423 codices
2070 1387 2206 1424 nostri

347 1455 649 1502 provenerunt,
683 1462 794 1502 quos
817 1456 961 1491 tamen
993 1463 1245 1491 enumerare
1268 1451 1437 1492 difficile
1461 1456 1539 1500 est,
1572 1464 1673 1492 cum
1700 1464 1860 1504 magna
1881 1464 1981 1504 pars
2003 1453 2205 1493 librorum

346 1521 697 1572 inscriptionibus
729 1524 883 1572 careat,
917 1525 959 1560 et
990 1523 1234 1572 signaturae
1264 1525 1447 1569 veteres,
1480 1533 1591 1572 quae
1615 1526 1862 1573 supersunt,
1895 1525 2019 1562 cuius
2042 1523 2206 1574 collegii

345 1588 451 1628 liber
480 1589 580 1628 olim
612 1589 748 1638 fuerit,
781 1601 876 1629 raro
908 1590 1218 1630 demonstrent.
1251 1589 1360 1630 Tres
1393 1594 1559 1630 tantum
1591 1592 1763 1630 codices
1795 1590 1910 1640 (409,
1941 1591 2040 1640 470,
2073 1591 2205 1642 2299)

345 1657 564 1697 veteribus
595 1658 759 1709 collegii
791 1657 975 1699 Carolini
1007 1661 1237 1710 signaturis
1269 1659 1505 1699 hodiedum
1538 1662 1772 1700 instructos
1794 1661 2205 1705 commemorandos

345 1736 518 1774 censeo,
566 1738 678 1778 quos
710 1739 764 1767 ex
795 1728 1052 1767 bibliotheca
1082 1727 1124 1768 S.
1158 1728 1191 1767 J.
1227 1728 1494 1769 Clementina
1539 1730 1801 1769 obtinuimus
1848 1731 2015 1779 (tertius
2046 1732 2131 1769 iam
2161 1732 2205 1774 in

345 1797 542 1848 catalogo
587 1800 890 1849 antiquissimo
922 1821 978 1826 —
1009 1798 1191 1838 Hanslik
1238 1798 1287 1838 19
1319 1822 1372 1827 —
1405 1799 1618 1851 occurrit),
1667 1804 1834 1840 ceteros
1880 1799 2012 1839 index
2057 1802 2207 1839 noster

346 1865 429 1904 sub
459 1877 568 1905 voce
605 1867 854 1917 »collegium
887 1865 1052 1907 Caroli«
1088 1867 1413 1908 demonstrabit.
1477 1868 1540 1908 De
1574 1869 1886 1920 posterioribus
1918 1868 2204 1908 bibliothecae

344 1934 475 1974 huius
521 1935 684 1987 collegii
728 1936 826 1975 fatis
858 1941 1024 1987 praeter
1054 1938 1108 1985 id,
1157 1937 1273 1989 quod
1305 1937 1487 1978 Hanslik
1525 1938 1694 1989 profert,
1741 1938 1797 1977 nil
1829 1940 2099 1988 compertum
2130 1938 2204 1977 ha-

344 2003 511 2043 bemus.

487 2096 627 2136 Etiam
659 2097 712 2136 de
744 2097 1011 2137 bibliothecis
1043 2099 1206 2150 collegii
1238 2103 1541 2150 magistrorum
1574 2103 1764 2140 caesarei
1786 2103 1828 2139 et
1848 2100 2029 2151 angelici
2051 2111 2204 2152 parum

346 2167 578 2205 memoriae
610 2166 825 2216 proditum
854 2164 998 2218 est;¹⁰)
1031 2168 1072 2206 id
1106 2169 1247 2207 solum
1289 2173 1392 2208 noto
1425 2181 1479 2209 ex
1510 2169 1768 2209 bibliotheca
1799 2169 1963 2222 collegii
1996 2167 2203 2208 Omnium

346 2232 618 2283 Sanctorum,
652 2237 809 2286 quippe
842 2236 958 2286 quod
991 2238 1298 2277 catholicorum
1330 2242 1473 2288 partes
1506 2242 1705 2278 secutum
1738 2250 1961 2290 nunquam
1992 2238 2200 2278 abolitum

345 2306 475 2351 esset,
507 2304 649 2343 nullos
682 2304 856 2343 codices
887 2305 1014 2344 nobis
1046 2306 1264 2357 obtigisse.

487 2395 808 2435 Accedentibus
838 2397 894 2436 ad
927 2397 1186 2438 scholarium
1229 2399 1419 2450 collegia,
1468 2411 1578 2450 quae
1619 2400 1764 2438 itidem
1809 2402 1900 2438 suis
1933 2399 2202 2439 bibliothecis

341 2464 603 2515 gaudebant,
651 2467 835 2515 primum
881 2470 1065 2506 occurrit
1110 2468 1335 2519 collegium
1367 2466 1562 2507 Nationis
1609 2469 1876 2516 bohemicae,
1926 2468 2043 2520 quod
2086 2468 2203 2508 libris

344 2544 458 2572 saec.
506 2532 587 2572 XV
617 2545 718 2584 prae
759 2537 912 2573 ceteris
947 2535 1116 2575 videtur
1159 2537 1422 2576 abundasse.
1476 2535 1614 2576 Situm
1661 2541 1751 2577 erat
1781 2540 1823 2576 in
1855 2537 1948 2577 foro
1994 2541 2201 2589 pomario,

344 2601 462 2652 quod
492 2613 609 2641 nunc
631 2602 794 2650 dicitur,
826 2603 1050 2643 adiacente
1073 2605 1128 2644 ab
1149 2616 1186 2643 a.
1216 2604 1322 2644 1413
1355 2606 1533 2656 collegio
1556 2605 1764 2657 Hedvigis
1787 2609 1970 2657 reginae.
2005 2605 2200 2658 Quorum

342 2671 631 2721 collegiorum,
663 2674 711 2710 ut
741 2675 861 2711 erant
890 2675 1030 2711 vicina
1052 2677 1093 2712 et
1114 2676 1300 2712 maxime
1333 2673 1525 2722 finitima,
1558 2676 1740 2725 catalogi
1763 2686 1936 2727 quoque
1970 2686 2083 2715 saec.
2121 2674 2201 2714 XV

345 2750 434 2778 uno
465 2740 571 2779 libro
603 2743 791 2780 contenti
823 2746 1058 2792 supersunt
1088 2746 1129 2782 et
1159 2743 1287 2782 hodie
1319 2745 1361 2782 in
1393 2743 1650 2783 bibliotheca
1691 2744 1962 2783 illustrissimi
1996 2746 2199 2795 principis

341 2807 462 2847 Ferd.
496 2807 743 2848 Zdenconis
775 2809 828 2848 de
861 2809 1125 2850 Lobkowicz
1156 2810 1419 2851 Rudnicensi
1450 2812 1517 2852 VI.
1541 2812 1587 2852 E.
1613 2812 1638 2852 f.
1663 2812 1689 2852 8
1722 2815 1876 2863 signati
1908 2817 2199 2862 asservantur.

494 2965 530 3017 7)
561 2971 891 3018 Verhandlungen
923 2975 988 3008 cler
1019 2973 1107 3011 Ges.
1141 2976 1177 3010 d.
1212 2975 1344 3012 vaterl.
1379 2974 1479 3012 Mus,
1519 2976 1624 3012 1840
1655 2987 1693 3022 p.
1728 2976 1907 3014 65—76.

494 3035 529 3086 8)
561 3040 702 3079 Gesch.
738 3042 775 3078 d.
810 3042 1022 3078 deutschen
1053 3042 1256 3079 Litteratur
1286 3043 1326 3078 in
1356 3043 1530 3079 Bohmen
1561 3054 1598 3090 p.
1633 3044 1697 3081 59.
1960 3041 1964 3043 ’

493 3103 528 3155 9)
562 3106 725 3145 νέειηίι(
756 3110 799 3148 (3.
835 3110 881 3147 A.
920 3111 1026 3147 1904
1057 3123 1094 3158 p.
1128 3112 1336 3150 98—105.

476 3172 525 3224 ¹0)
558 3178 600 3214 In
632 3178 794 3224 collegio
841 3178 1017 3223 angelico
1064 3190 1099 3214 a.
1137 3179 1242 3215 1603
1290 3180 1533 3217 habebantur
1565 3183 1644 3218 226
1679 3183 1846 3228 codices,
1891 3184 1938 3219 51
1976 3185 2203 3230 membran„

346 3235 423 3272 175
457 3237 577 3272 chart.
610 3235 677 3282 (cf.
711 3233 860 3282 Hanus‘,
894 3235 1189 3282 Quellenkunde
1220 3247 1256 3282 p.
1292 3238 1373 3283 21).
