2476 3782
1287 283 1372 323 674

547 422 655 469 Opus
696 423 813 458 huius
855 423 1003 459 codicis
1044 423 1207 470 primum
1249 424 1445 470 praecedit
1484 423 1631 469 folium,
1673 433 1750 469 quo
1782 422 2039 469 fragmentum
2072 424 2264 459 sermonis

403 482 608 516 cuiusdam
641 482 724 515 sine
756 479 866 516 initio
899 484 936 516 et
966 480 1041 516 fine
1073 482 1304 517 continetur.
1343 480 1527 518 Codicem
1558 481 1723 516 breviter
1753 490 1901 516 recens.
1933 479 2137 526 Balbinus,
2170 479 2266 517 Boh.

405 540 522 574 docta
554 538 675 583 (edid.
707 537 858 584 Ungar)
888 537 953 583 111,
987 538 1053 575 98.
1087 538 1128 574 Si
1159 549 1376 585 perpaucae
1410 542 1538 584 notae,
1562 539 1704 585 quibus
1727 542 1934 584 sequentes
1958 547 2156 574 sermones
2179 542 2271 574 sunt

402 595 597 639 illustrati,
644 599 686 631 ut
726 598 837 641 putat
877 594 1080 640 Balbinus,
1122 600 1213 632 sunt
1254 596 1407 642 Georgii
1460 596 1556 643 Feri,
1608 596 1783 631 eiusdem
1835 605 1975 631 manus
2017 599 2075 631 est
2106 599 2199 631 nota
2230 596 2269 632 in

404 653 526 688 fronte
559 652 582 688 f.
621 654 660 688 1·
692 663 901 688 occurrens
936 653 1061 699 »Lege
1092 658 1129 689 et
1158 654 1324 700 reperies
1357 656 1558 700 antiquum
1591 653 1918 691 bohemismum«.
1951 653 2074 689 Vetus
2097 655 2198 699 sign.
2222 652 2269 700 C,

406 711 470 747 21.
504 709 560 746 De
592 710 726 746 codice
759 710 854 747 diss.
887 710 926 746 in
958 708 1126 747 vaestnik
1156 699 1200 748 C.
1232 712 1279 748 A.
1317 712 1423 748 1898
1457 723 1491 758 p.
1528 712 1622 748 590.

544 832 655 885 674
1001 833 1096 883 IV.
1134 834 1198 885 D.
1235 834 1318 884 20.
1356 845 1416 888 (Y.
1450 845 1477 878 I.
1510 846 1542 878 3.
1570 855 1604 878 n.
1629 846 1700 886 96.)

405 915 549 955 chart.
582 926 625 955 a.
648 914 837 968 1364ff.
869 915 968 964 124,
999 916 1192 957 30><20
1222 929 1305 956 cm.
1339 917 1379 956 d.
1412 928 1470 956 m.

1053 1008 1302 1049 Sermones
1334 1009 1389 1049 de
1420 1008 1610 1049 sanctis.

551 1088 577 1129 f.
617 1087 659 1129 1b
691 1092 756 1138 (de
789 1102 948 1138 corpore
980 1089 1141 1141 Christi)
1177 1089 1550 1130 »Tabernaculum
1582 1092 1658 1129 erit
1688 1092 1730 1129 in
1761 1091 2063 1129 umbraculum
2096 1090 2178 1129 diei
2214 1089 2273 1129 ab

407 1150 529 1186 estu«
559 1178 568 1186 .
597 1179 605 1186 .
638 1147 682 1184 ><
713 1147 739 1187 f.
773 1145 850 1186 641>
882 1146 990 1198 (post
1035 1160 1148 1187 serm.
1193 1151 1239 1186 de
1282 1161 1313 1187 s.
1358 1150 1584 1196 Catherina)
1630 1147 1838 1199 »Explicit
1878 1148 1982 1187 liber
2012 1159 2050 1187 a.
2084 1147 2125 1188 d.
2161 1145 2273 1187 1364

407 1207 450 1243 in
481 1207 739 1244 invencione
786 1216 820 1245 s.
866 1203 1076 1256 Stephani
1123 1206 1506 1256 prothomartiris«
1556 1205 1724 1245 Deinde
1756 1217 1984 1245 sermones
2017 1206 2071 1244 de
2103 1207 2269 1245 sanctis

408 1265 715 1302 continuantur
744 1274 885 1314 usque
918 1264 962 1301 ><
994 1263 1019 1303 f.
1057 1259 1155 1302 123⁵
1191 1262 1331 1303 »Laus
1364 1263 1536 1304 Christo
1569 1264 1704 1311 detur,
1738 1263 1856 1315 quod
1880 1263 2022 1302 codex
2042 1266 2124 1303 iste
2146 1273 2271 1303 com-

407 1320 545 1370 pletur
575 1332 612 1360 a.
647 1321 687 1360 d.
724 1319 835 1360 1364
865 1323 1063 1371 proxima
1093 1320 1156 1360 fer
1186 1320 1218 1360 II
1251 1325 1351 1372 post
1381 1321 1542 1361 festum
1572 1320 1843 1372 Margarethe
1875 1323 2077 1372 virginis«
2107 1352 2116 1360 .
2144 1352 2152 1360 .
2182 1353 2190 1360 .

552 1378 578 1417 f.
617 1376 882 1418 1231)-124ιιι
912 1381 1036 1427 (quod
1069 1385 1128 1417 est
1158 1385 1278 1417 asseri
1312 1381 1616 1428 adglutinatum)
1649 1378 1802 1420 Sermo
1835 1379 1888 1417 de
1921 1390 1954 1418 s.
1989 1378 2211 1430 Procopio.

548 1447 646 1483 Cum
686 1449 819 1485 inserti
862 1451 939 1486 sint
981 1460 1181 1486 sermones
1222 1451 1269 1485 de
1300 1449 1474 1495 patronis
1505 1449 1727 1494 Bohemiae,
1774 1450 1935 1486 dubium
1966 1460 2046 1485 non
2077 1454 2148 1494 est,
2180 1450 2275 1495 quin

409 1508 533 1542 codex
575 1507 678 1552 apud
719 1517 791 1543 nos
834 1512 1015 1543 exaratus
1057 1510 1118 1545 sit.
1159 1507 1203 1543 In
1244 1508 1268 1545 f.
1315 1509 1355 1543 1⁸
1394 1508 1490 1543 haec
1531 1511 1625 1544 nota
1656 1518 1795 1543 manus
1827 1518 1929 1543 saec.
1961 1506 2052 1543 XIV
2084 1508 2274 1543 occurrit:

412 1563 549 1599 »Liber
580 1565 684 1601 dom.
716 1564 863 1601 Alberti
896 1570 1071 1602 sextus«.
1105 1565 1228 1602 Vetus
1260 1566 1361 1612 sign.
1393 1565 1422 1611 I,
1457 1566 1508 1601 62
1542 1566 1650 1611 (rect.
1684 1565 1729 1610 O,
1765 1562 1848 1613 86).

548 1688 652 1741 675
1002 1690 1094 1738 IV.
1132 1689 1196 1738 D.
1234 1689 1314 1738 21.
1354 1700 1412 1743 (Y.
1437 1700 1465 1733 Ι.
1490 1701 1525 1733 3.
1551 1710 1585 1733 n.
1610 1701 1681 1741 97.)

412 1769 553 1809 chart.
586 1781 701 1810 saec.
734 1769 810 1810 XI
816 1769 995 1810 V—XV
1005 1770 1066 1824 ff
1097 1770 1185 1811 105
1211 1782 1349 1819 mun„
1380 1770 1616 1811 30><21·5
1644 1782 1728 1810 cm,
1760 1771 1783 1810 1
1816 1782 1874 1810 m.

754 1863 986 1904 Johannis
1017 1862 1179 1903 Wiclif
1204 1862 1463 1914 Decalogus
1496 1862 1734 1914 (Summae
1764 1861 1840 1901 lib.
1871 1861 1938 1913 1.).

554 1944 580 1984 f.
620 1945 634 1983 1
671 1943 809 1984 Notae
841 1945 1122 1995 theologicae.
1160 1944 1274 1983 »Lex
1306 1947 1478 1995 propter
1508 1947 1858 1994 transgressores
1891 1946 2033 1995 posita
2064 1946 2169 1982 est.«

555 2014 580 2053 f.
616 2014 664 2053 2³
700 2014 943 2053 »Premissa
985 2016 1208 2053 sentencia
1254 2013 1307 2052 de
1350 2013 1566 2053 dominio«
1602 2013 1646 2050 ><
1676 2012 1701 2052 f.
1741 2010 1842 2053 105b
1893 2012 2036 2064 »quod
2067 2012 2160 2063 lege
2191 2014 2275 2051 ista

413 2075 663 2123 contempta
694 2072 893 2112 ducimur
923 2072 1073 2111 aliena.
1107 2072 1289 2111 Amen«

559 2142 600 2179 F.
635 2143 708 2179 31²
748 2143 787 2178 in
829 2143 905 2178 fine
938 2144 1076 2189 capitis
1113 2144 1162 2179 14
1193 2143 1290 2179 haec
1321 2146 1414 2179 nota
1446 2142 1633 2178 occurrit:
1685 2141 1855 2188 »Scripsi
1889 2143 1937 2177 acl
1970 2152 2001 2177 s.
2035 2140 2274 2188 Stephanum

415 2199 576 2246 Prage«.
611 2200 735 2237 Vetus
767 2201 867 2247 sign.
902 2202 939 2245 9,
971 2204 996 2238 t.

554 2312 659 2365 676
1007 2322 1034 2363 l
1054 2313 1101 2361 V
1139 2314 1203 2362 D.
1239 2313 1320 2362 22.
1366 2323 1423 2364 (Y.
1450 2323 1476 2356 I.
1503 2324 1537 2356 3.
1554 2333 1588 2356 n.
1605 2323 1674 2360 98.)

416 2394 558 2434 chart.
592 2407 634 2434 a.
667 2394 784 2436 1405
796 2395 856 2449 ff
887 2395 973 2436 207
1004 2407 1143 2440 hum..
1172 2394 1405 2435 29·5><22
1436 2405 1518 2434 cm.
1551 2395 1574 2434 1
1609 2405 1667 2433 m.

560 2487 587 2527 f.
626 2488 813 2528 1—12912
843 2487 1075 2529 Johannis
1107 2487 1264 2528 Wiclif
1288 2487 1563 2538 Decalogus.
1597 2486 1839 2525 »Premissa
1870 2487 2094 2525 sentencia
2124 2484 2179 2523 de
2201 2484 2280 2524 do-

418 2547 549 2584 minio
580 2548 623 2585 in
655 2549 901 2586 communi«
937 2549 979 2585 ><
1017 2546 1159 2598 »quod
1192 2547 1283 2596 lege
1315 2549 1398 2585 ista
1429 2547 1678 2595 contempta
1719 2543 1889 2582 ducitur
1930 2544 2081 2582 aliena.
2123 2542 2277 2581 Amen.

416 2602 470 2641 Et
501 2605 563 2642 sic
595 2606 663 2642 est
694 2603 794 2643 finis
839 2605 970 2644 huius
1003 2604 1200 2654 decalogi
1242 2603 1315 2643 fer.
1348 2602 1404 2642 IV
1436 2605 1536 2654 post
1567 2601 1725 2641 festum
1759 2612 1794 2640 s,
1826 2599 1988 2640 Mathie
2019 2604 2160 2651 apost.
2194 2600 2277 2639 sub

416 2672 453 2699 a.
487 2661 527 2701 d.
564 2659 672 2701 1405
705 2673 781 2713 per
811 2673 969 2702 manus
999 2662 1184 2701 Andree
1215 2661 1270 2701 de
1302 2659 1478 2712 Gurym
1515 2659 1687 2699 finitus«
1722 2660 1836 2706 (sic).

561 2730 588 2769 f.
627 2730 895 2770 13οἶῑ-2Ο7ει
924 2730 1147 2771 Eiusdem
1176 2729 1418 2770 Tractatus
1450 2730 1505 2769 de
1529 2726 1808 2768 eucharistia
1829 2727 1987 2767 maior.
2024 2725 2284 2767 »Sentencia

417 2791 625 2827 tractatus
657 2788 710 2827 de
743 2791 972 2828 eucaristia
1001 2791 1044 2828 in
1076 2788 1335 2839 compendio
1358 2790 1420 2826 sic
1442 2786 1623 2827 habetur
1648 2817 1656 2824 .
1684 2816 1692 2824 .
1719 2815 1729 2825 .
1754 2784 1780 2824 f.
1819 2784 1920 2823 132a
1953 2783 2057 2836 Cap.
2090 2784 2118 2825 1.
2145 2782 2282 2823 Trac-

418 2845 550 2884 tando
597 2846 650 2885 de
683 2849 933 2886 eucaristia«
970 2847 1012 2883 ><
1044 2850 1086 2886 et
1115 2848 1157 2885 in
1189 2844 1361 2886 Christo
1391 2843 1510 2884 Yesu
1545 2843 1726 2883 finaliter
1747 2843 1992 2882 observare.
2015 2842 2168 2881 Arnen.
2193 2840 2285 2880 Ex-

418 2903 780 3013 plicIiAthagtatus
823 2905 877 2943 de
919 2906 1188 2944 eucaristia«
1222 2902 1305 2952 (Cf.
1340 2902 1520 2942 Loserth
1551 2904 1594 2940 in
1626 2900 1756 2952 praef.
1804 2900 1901 2940 edit.
1935 2899 2133 2939 London.
2170 2897 2278 2938 1892

419 2971 459 3011 p.
630 2993 637 3001 .

566 3044 766 3090 Operculis
809 3045 1023 3091 adligatum
1064 3048 1123 3080 est
1153 3045 1330 3079 instrum.
1363 3043 1521 3078 membr.
1553 3041 1659 3088 publ.
1693 3040 1833 3076 notarii
1875 3040 1983 3075 Pauli
2014 3040 2109 3075 dicti
2139 3037 2282 3074 Gossel

422 3102 467 3136 de
498 3101 728 3147 Haimbach‚
771 3113 848 3149 quo
890 3104 1080 3138 nominati
1123 3101 1308 3148 oppidani
1348 3102 1387 3136 in
1429 3099 1619 3135 Chambia
1649 3098 1859 3134 instituunt
1888 3099 1928 3133 in
1960 3107 2082 3133 causa
2113 3096 2283 3143 quadam

422 3163 706 3206 procuratores,
739 3162 817 3197 dat.
853 3161 917 3197 26.
952 3171 1030 3206 apr.
1069 3160 1189 3196 1407.
1251 3158 1411 3204 Utrique
1442 3156 1624 3203 operculo
1657 3155 1907 3202 adglutinata
1930 3158 2039 3190 erant
2069 3154 2283 3199 fragmenta

423 3217 610 3253 Actorum
651 3218 940 3254 iudiciariorum
984 3217 1343 3263 archiepiscopatus
1383 3214 1600 3261 Pragensis‚
1643 3223 1741 3259 quae
1783 3223 1887 3248 nunc
1918 3212 2126 3258 separatim
2158 3220 2287 3246 asser·

423 3278 564 3312 vantur
595 3276 715 3321 (edid.
747 3275 885 3318 Tadra,
920 3274 1069 3311 Soudni
1103 3275 1194 3310 akta
1223 3272 1303 3319 Vll,
1339 3269 1450 3321 212).
1483 3271 1607 3307 Vetus
1639 3271 1737 3317 sign.
1772 3271 1810 3315 7,
1842 3274 1868 3306 t.

1319 3419 1385 3451 270
