2476 3782
2052 233 2099 266 XI

229 377 350 418 dices
380 378 425 417 in
456 386 620 416 novum
652 374 848 415 ordinem
891 374 1114 424 redegisse
1162 372 1409 423 Leopoldus
1455 370 1750 413 Scherschnik
1795 373 1977 422 videtur,
2025 376 2097 426 qui

229 445 279 488 C.
309 445 370 487 M.
402 444 601 492 Charuel,
643 442 688 484 S.
735 442 771 482 J.
815 442 1041 494 quondam
1088 442 1473 490 bibliothecarium,
1516 446 1671 493 postea
1716 443 1902 493 primum
1949 442 2097 483 biblio-

229 515 382 557 thecae
413 514 610 566 publicae
641 511 922 564 praefectum,
954 511 1054 551 inde
1076 511 1131 551 ab
1162 523 1200 552 a.
1229 510 1340 550 1774
1360 513 1403 550 in
1425 511 1556 550 rebus
1588 511 1770 562 agendis
1792 509 2097 564 adiuvabat20),

229 594 495 637 quamquam
525 584 615 622 veri
647 582 910 623 simillimum
943 585 1011 621 est
1041 581 1230 622 eundem
1261 583 1348 620 iam
1369 583 1498 620 antea
1518 580 1822 620 historicorum
1855 581 2097 620 studiorum

163 702 166 704 ,
228 664 367 695 causa
394 654 439 693 in
469 651 729 692 bibliotheca
759 649 1031 691 Clementina
1061 650 1289 690 codicibus
1330 650 1591 700 indagandis
1623 660 1801 701 operam
1833 650 2022 698 dedisse,
2056 651 2099 690 id

228 721 348 775 quod
378 721 472 774 ipse
514 717 749 773 Dobner²¹)
790 721 858 760 his
903 721 1049 760 verbis
1097 723 1300 760 testatur:
1367 717 1686 759 »Scherschnik
1729 718 1924 758 omnium
1966 731 2100 760 manu

229 794 485 844 scriptorum
529 791 814 830 bibliothecae
858 789 1153 831 Clementinae
1205 792 1457 829 accuratum
1505 788 1751 838 catalogum
1798 791 2095 840 conscripsit«

230 858 570 903 Scherschnikio
601 850 739 912 igitur,
773 871 1042 913 quamquam
1063 862 1149 900 iam
1181 871 1219 900 a.
1248 858 1356 899 1776
1378 858 1516 909 Praga
1536 858 1651 905 abiit,
1685 857 1867 898 debetur
1897 860 2099 900 codicum

215 940 363 972 manu
407 932 665 982 scriptorum
698 930 937 981 catalogus,
984 932 1110 969 cuius
1141 929 1364 981 exemplar
1403 941 1439 969 a.
1489 929 1591 970 1781
1644 929 1907 982 descriptum
1956 929 2100 968 adhuc

226 1002 385 1041 exstat.
416 999 463 1040 In
495 1001 604 1039 serie
651 1002 745 1039 eius
792 1002 958 1051 passim
1006 999 1167 1039 desunt
1212 1001 1459 1051 signaturae
1511 1002 1762 1051 spectantes
1808 999 1864 1039 ad
1910 999 2099 1046 codiceS‚

227 1078 343 1121 quos
372 1070 459 1109 iam
491 1068 690 1108 librarius
721 1080 810 1111 non
843 1071 1040 1121 repperit,
1074 1071 1275 1121 quamvis
1307 1071 1437 1108 etiam
1469 1068 1672 1108 socordia
1703 1068 1855 1108 eiusde
1869 1081 1898 1107 n
1933 1071 2100 1120 passim

226 1141 448 1191 appareat.
510 1137 552 1178 Is
583 1138 818 1190 aliquando
849 1141 938 1178 veri
981 1141 1122 1178 status
1163 1140 1393 1178 immemor
1438 1138 1583 1178 titulos
1627 1137 1829 1178 codicum
1871 1138 2099 1195 scribebat,

228 1217 343 1260 quos
374 1218 476 1248 cum
508 1211 665 1260 postea
695 1219 784 1248 non
816 1210 1037 1255 inveniret,
1081 1212 1186 1249 nota
1235 1208 1410 1248 ›deest‹
1460 1207 1724 1256 instruebat;
1773 1208 1853 1247 sed
1899 1218 2100 1248 nonnun-

228 1283 361 1330 quam
393 1288 470 1330 per
499 1274 761 1330 errorem‘22).
794 1276 1032 1318 Socordiae
1064 1279 1218 1326 tribuo,
1252 1280 1289 1318 si
1320 1277 1498 1330 quando
1531 1279 1800 1328 signaturam
1832 1280 1978 1329 posuit
2009 1279 2102 1316 sine

227 1347 348 1387 titulo
378 1348 448 1387 vel
479 1347 804 1399 signaturarum
836 1347 1033 1387 ordinem
1066 1349 1338 1399 permutavit.
1372 1347 1418 1388 In
1449 1347 1643 1398 partibus
1675 1346 1806 1386 huius
1839 1347 2021 1397 catalogi
2052 1345 2102 1387 Y.

230 1415 295 1458 ΠΙ.
342 1415 371 1457 6
415 1420 459 1457 et
502 1416 549 1458 Π.
593 1416 617 1456 7
660 1419 807 1465 (etiam
858 1417 944 1457 hoc
997 1417 1432 1469 hysteron-proteron
1483 1427 1797 1468 praeproperae
1841 1416 2104 1457 festinationi

227 1486 449 1536 adscribo)
479 1487 727 1538 complures
780 1489 1029 1538 signaturae
1061 1498 1162 1527 cum
1208 1488 1339 1527 titulis
1391 1488 1560 1527 calamo
1606 1487 1809 1527 inductae
1856 1490 2100 1535 occurrunt,

229 1557 303 1608 qui
334 1551 648 1608 libri'profecto
680 1556 809 1596 nobis
852 1557 1026 1604 desunt,
1073 1568 1173 1597 cum
1219 1557 1275 1597 ab
1321 1560 1428 1609 ipsis
1476 1556 1653 1597 Jesuitis
1699 1558 2103 1596 commissariorum

228 1627 447 1678 permissu
487 1626 706 1666 combusti
757 1624 912 1676 sint23).
975 1625 1186 1679 Catalogo
1237 1627 1338 1667 huic
1389 1627 1537 1667 addita
1587 1630 1655 1667 est
1700 1629 1836 1666 series
1881 1626 2100 1666 titulorum

226 1695 499 1748 alphabetica
529 1697 746 1737 mendosa
776 1701 818 1737 et
850 1700 1025 1737 minime
1058 1698 1236 1749 integra.

365 1799 436 1840 Ad
467 1801 643 1859 codices
675 1812 810 1841 manu
856 1804 1042 1853 scriptos
1088 1805 1331 1841 ceterorum
1378 1800 1424 1842 S.
1465 1801 1501 1841 J.
1549 1801 1827 1853 collegiorum
1874 1801 2100 1852 catalogus

230 1869 300 1910 hic
331 1881 421 1911 non
453 1875 636 1924 spectat,
683 1872 1013 1923 comprehendit
1057 1876 1202 1912 autem
1250 1871 1427 1911 codices
1474 1871 1760 1912 bibliothecae
1807 1869 2101 1911 Clementinae

230 1942 423 1991 minoris,
464 1943 508 1982 in
550 1953 637 1994 qua
670 1945 965 1997 *asseverante
1011 1941 1239 1994 Hanslikio
1286 1942 1378 1982 libri
1422 1944 1580 1981 veteris
1628 1941 1795 1993 collegii
1842 1939 2029 1981 Carolini
2062 1944 2104 1979 et

229 2012 479 2050 monasterii
511 2009 764 2069 OJvinensis
797 2012 898 2052 olim
930 2012 1283 2052 asservabantur.
1332 2011 1434 2051 Ideo
1476 2012 1624 2051 titulus
1671 2011 1778 2051 libro
1810 2022 1849 2051 a.
1890 2009 1989 2050 1781
2042 2012 2102 2049 in-

229 2081 416 2132 scriptus
447 2090 538 2120 non
570 2081 713 2120 iustus
746 2085 835 2129 est;
883 2093 986 2121 nam
1019 2085 1111 2122 tum
1144 2081 1406 2122 bibliotheca
1436 2085 1587 2121 nostra
1618 2081 1763 2133 plures
1805 2080 1982 2120 codices
2024 2079 2103 2120 ha—

227 2148 370 2198 bebat,
403 2161 536 2208 quam
568 2150 624 2207 ibi
655 2150 973 2192 describuntur.
1035 2149 1166 2203 Quod
1197 2152 1283 2191 hoc
1315 2151 1448 2191 modo
1490 2151 1799 2203 explicandum
1839 2161 1941 2189 esse
1983 2153 2101 2201 puto.

227 2216 340 2260 Cum
381 2221 426 2265 in
477 2219 748 2260 bibliothecis
801 2223 1042 2273 ceterorum
1085 2219 1127 2261 S.
1172 2220 1207 2262 J.
1250 2221 1528 2272 collegiorum
1570 2224 1613 2261 et
1652 2223 1695 2261 in
1736 2232 1853 2260 nova
1903 2218 2104 2260 Carolina

228 2291 356 2341 pauci
386 2289 479 2329 libri
510 2301 644 2330 manu
677 2293 821 2343 scripti
854 2291 971 2330 libris
1003 2293 1182 2331 excusis
1213 2293 1445 2331 intermixti
1465 2293 1675 2340 inessent,
1708 2289 1918 2330 officiales
1950 2289 2102 2329 biblio-

227 2357 380 2398 thecae
411 2359 610 2410 publicae
641 2371 781 2412 nuper
810 2363 1075 2400 instauratae
1106 2372 1144 2402 a.
1182 2360 1285 2401 1781
1332 2361 1375 2400 hi
1407 2361 1584 2401 codices
1616 2362 1822 2412 incogniti
1853 2360 2103 2411 aliquantis-

228 2438 306 2480 per
345 2427 560 2485 latebant;
608 2431 682 2483 qui
713 2433 950 2486 postquam
983 2432 1137 2482 reperti
1169 2434 1287 2479 sunt,
1335 2433 1436 2481 quia
1467 2430 1631 2470 interea
1669 2429 1993 2470 confluentibus
2025 2440 2102 2468 un-

229 2496 359 2549 dique
390 2508 414 2536 e
446 2501 724 2539 monasteriis
756 2499 928 2539 abolitis
975 2499 1201 2539 codicibus
1233 2502 1362 2540 novis
1405 2500 1632 2551 catalogus
1675 2498 2102 2540 Scherschnikianus

227 2567 386 2607 inutilis
418 2568 792 2619 essevidebatur,
824 2571 866 2610 in
899 2581 952 2609 eo
983 2580 1073 2609 non
1106 2574 1210 2610 sunt
1239 2570 1432 2622 inscripti
1464 2570 1543 2610 sed
1567 2571 1759 2622 sepositi,
1794 2569 1935 2608 donec
1958 2577 2102 2608 novus

227 2637 454 2689 catalogus
501 2642 734 2690 pararetur.
796 2638 1054 2680 Referuntur
1099 2643 1247 2680 autem
1294 2638 1694 2681 Scherschnikiano
1741 2639 1941 2689 catalogo
1994 2637 2100 2678 1337

223 2703 408 2766 numeri,
441 2718 496 2748 ex
527 2708 688 2759 quibus
721 2710 758 2747 si
791 2708 1036 2761 dempseris
1079 2709 1136 2750 89
1177 2713 1252 2750 aut
1298 2712 1632 2762 praetermissos
1678 2712 1754 2748 aut
1784 2720 1821 2748 a.
1861 2708 1962 2748 1781
2016 2707 2100 2747 iam

371 2889 424 2946 ²⁰)
454 2895 693 2942 Wurzbach‚
725 2897 854 2944 Biogr.
889 2898 978 2935 Lex.
1010 2897 1150 2945 XXIX,
1185 2899 1279 2936 220.

370 2959 423 3016 2¹)
454 2966 624 3013 Dobner,
654 2966 831 3004 Monum.
863 2967 930 3014 IV,
965 2969 1002 3006 2.

370 3028 423 3085 22)
455 3036 527 3075 Ex.
560 3047 616 3083 gr.
647 3037 892 3074 desideratus
925 3039 974 3074 ab
1006 3049 1052 3075 eo
1084 3040 1211 3075 codex
1241 3038 1288 3075 Y.
1320 3038 1349 3076 I.
1387 3039 1420 3075 1.
1454 3049 1490 3075 n.
1526 3038 1579 3074 96
1612 3038 1777 3073 habetur
1808 3036 1911 3083 apud
1933 3046 2006 3071 nos
2029 3036 2103 3071 sub

229 3092 331 3139 sign.
363 3093 412 3132 V.
443 3093 484 3133 F.
523 3095 597 3139 163
643 3094 690 3132 Y.
722 3094 751 3133 I.
789 3096 822 3133 1.
857 3107 895 3133 n.
935 3097 1011 3134 127
1046 3097 1120 3133 sub
1152 3095 1253 3135 VIII.
1285 3096 1333 3133 H.
1366 3096 1443 3139 763
1491 3095 1536 3133 Y.
1569 3095 1597 3132 I.
1633 3095 1670 3132 3.
1704 3106 1741 3131 n.
1775 3094 1827 3131 29
1873 3094 1947 3130 sub
1979 3092 2027 3129 V.
2061 3092 2103 3131 B.

231 3149 280 3196 33
310 3149 355 3187 Y.
386 3150 417 3190 1.
449 3152 490 3194 4.
522 3165 559 3193 n.
595 3153 646 3190 83
681 3154 755 3189 sub
786 3153 849 3192 III.
884 3154 928 3192 B.
963 3156 1030 3193 21.

372 3215 425 3271 ae)
456 3222 623 3259 Hanslik
653 3223 678 3260 1.
711 3235 746 3262 c.
785 3225 852 3263 69.
