2476 3782
345 270 418 305 VIII

345 412 527 450 civitatis
559 410 812 462 Pragensis«
848 407 1111 463 spectant12)‚
1142 411 1260 451 nullo
1292 411 1424 451 modo
1447 411 1584 462 colligi
1617 414 1760 462 potest
1781 413 1823 450 in
1845 410 2042 461 catalogo
2065 412 2202 461 priore

344 482 574 531 inscriptos
606 491 706 519 esse
738 480 869 519 libros
902 480 1098 520 eiusdem
1130 480 1322 531 collegii;
1364 491 1465 520 nam
1507 480 1732 531 collegium
1766 476 1981 519 Reckonis
2023 478 2202 518 domum

345 549 553 588 ecclesiae
585 560 620 588 s.
654 547 861 601 Stephani
906 551 1091 589 vicinam
1132 551 1175 589 in
1216 549 1357 600 platea
1397 560 1431 588 s.
1479 547 1796 588 Bartholomaei
1837 542 2114 595 inhabitabat,
2160 549 2203 587 in

344 627 443 669 qua,
474 621 522 657 ut
552 617 679 658 docet
709 617 797 659 Lib.
831 618 923 657 dec.
956 618 1000 664 11,
1033 617 1130 666 384,
1165 615 1462 658 Reckonidum
1495 628 1668 668 quoque
1696 618 1863 657 libraria
1883 616 2201 657 asservabatur.

343 685 484 726 Etiam
518 697 573 726 ex
603 687 687 727 hoc
719 687 898 738 collegio
930 687 1123 727 nonnulli
1155 687 1330 727 codices
1362 686 1418 726 ad
1450 697 1532 726 nos
1564 690 1864 738 pervenerunt,
1913 697 2026 738 quos
2058 697 2113 725 ex
2144 688 2205 725 in-

345 754 439 795 dice
462 754 583 795 sacile
605 758 828 803 invenies;
861 755 940 795 sed
962 766 1112 795 eorum
1145 758 1348 807 antiquus
1381 755 1604 806 catalogus
1635 765 1723 795 non
1756 758 1910 795 exstat.
1943 754 2061 794 Idem
2092 755 2207 794 valet

344 824 397 864 de
428 824 608 875 collegio
641 824 815 865 Laudae
846 825 914 865 vel
943 825 1257 876 apostolorum,
1298 835 1335 864 a.
1374 823 1476 865 1451
1513 826 1705 864 instituto
1737 827 1779 863 et
1809 835 1969 875 magna
2000 824 2203 864 librorum

343 896 469 946 copia
498 895 644 943 ditato,
677 894 791 934 idem
824 894 878 934 de
910 895 1099 947 collegiis
1131 894 1393 934 scholarium
1424 894 1665 933 minoribus
1697 892 2032 943 (Nazarethano‚
2065 892 2204 933 Betle-

343 963 557 1012 hemitico‚
591 963 723 1003 domo
755 963 1025 1016 pauperum),
1058 974 1242 1017 quorum
1274 965 1619 1015 uniuscuiusque
1646 963 1738 1003 libri
1759 965 1802 1002 in
1825 964 2022 1015 catalogo
2053 966 2204 1003 nostro

343 1031 586 1072 secundum
618 1032 804 1072 indicem
827 1037 1014 1084 possunt
1034 1033 1227 1073 inveniri.
1261 1031 1341 1073 Cui
1363 1032 1542 1083 collegio
1563 1032 1653 1072 libri
1675 1032 1897 1084 quondam
1920 1033 2205 1073 bibliothecae

341 1099 509 1141 Veteris
540 1101 659 1141 urbis
691 1098 976 1153 Pragensisffi)
1007 1103 1248 1154 obtigerint,
1280 1111 1500 1152 nusquam
1533 1104 1746 1152 comperi;
1780 1102 1860 1141 sed
1891 1113 1991 1142 cum
2023 1105 2066 1142 in
2098 1113 2206 1142 non-

341 1170 467 1210 nullis
513 1170 737 1211 codicibus
782 1174 944 1211 nostris
991 1173 1076 1220 (ex.
1109 1183 1169 1223 gr.
1203 1170 1300 1218 651,
1332 1169 1433 1221 940)
1479 1174 1623 1210 vetere
1669 1181 1803 1211 manu
1848 1174 2106 1211 annotatum
2147 1173 2204 1211 sit

347 1242 692 1280 »communitatis
722 1239 898 1280 Maioris
930 1241 1048 1280 urbis
1080 1240 1352 1292 Pragensis«,
1398 1243 1469 1292 qui
1501 1239 1676 1280 codices
1708 1243 1864 1291 postea
1893 1240 2059 1292 collegii
2091 1238 2134 1281 S.
2167 1239 2202 1280 J.

343 1307 597 1349 Clementini
627 1309 793 1360 fuerint,
826 1312 977 1362 nequit
1007 1309 1202 1357 dubitari,
1237 1311 1339 1361 quin
1371 1308 1563 1349 Jesuitae
1596 1307 1851 1349 Clementini
1898 1308 2075 1349 codices
2105 1309 2203 1349 illos

342 1389 398 1418 ex
429 1378 573 1429 aliquo
603 1380 895 1418 universitatis
927 1379 1110 1430 collegio
1141 1380 1400 1430 acceperint.

486 1457 691 1499 Omnium
723 1461 836 1498 enim
868 1461 1157 1499 universitatis
1189 1458 1414 1500 Carolinae
1460 1459 1738 1510 collegiorum
1785 1459 2070 1499 bibliothecae
2116 1470 2206 1500 una

342 1538 442 1568 cum
475 1530 567 1567 suis
597 1528 820 1568 codicibus
866 1539 999 1569 manu
1046 1531 1214 1580 scriptis
1245 1541 1283 1569 a.
1322 1528 1428 1568 1622
1461 1531 1729 1580 imperatoris
1760 1531 1886 1568 iussu
1930 1531 1974 1569 in
2005 1527 2204 1570 Clemen-

342 1599 476 1637 tinum
509 1600 806 1648 pervenerunt.
838 1596 964 1637 Nunc
996 1601 1223 1650 quaeritur,
1256 1601 1362 1650 quot
1391 1597 1478 1638 fere
1511 1597 1686 1637 codices
1717 1601 1820 1638 tunc
1849 1597 2040 1638 Jesuitae
2071 1609 2098 1637 a
2118 1597 2207 1638 col-

341 1666 507 1717 legiatis
553 1669 807 1718 acceperint,
854 1668 922 1706 vel
953 1670 1096 1718 potius
1143 1670 1250 1718 quot
1279 1666 1455 1707 codices
1485 1667 1554 1706 illo
1586 1669 1683 1718 ipso
1715 1669 1910 1718 tempore
1955 1669 1998 1706 in
2030 1666 2205 1718 collegi-

341 1745 463 1775 orum
494 1735 762 1776 bibliothecis
794 1735 1092 1788 superfuerint.
1154 1734 1265 1776 Nam
1307 1735 1575 1787 superfuisse
1619 1735 1754 1775 multo
1786 1737 2028 1787 paucioreS,
2075 1746 2206 1788 quam

340 1803 497 1843 fuerint
527 1815 642 1845 saec.
674 1803 754 1844 XV
785 1809 983 1853 exeunte,
1016 1806 1160 1845 multis
1199 1805 1474 1846 documentis
1506 1805 1720 1856 probatur.
1755 1804 1953 1844 Exeunte
1986 1815 2102 1844 saec.
2123 1803 2205 1844 XV

341 1884 418 1925 pro
465 1877 580 1913 certo
625 1874 828 1914 habenda
858 1878 926 1914 est
956 1885 1131 1914 summa
1160 1874 1275 1915 4500
1305 1874 1521 1922 codicum,
1572 1876 1644 1926 qui
1674 1876 1718 1913 in
1750 1874 2027 1925 collegiorum
2059 1873 2208 1914 biblio-

341 1943 478 1982 thecis
509 1944 858 1992 asservabantur,
904 1955 1021 1984 nunc
1051 1947 1198 1984 autem
1229 1944 1405 1984 codices
1437 1944 1565 1992 latini,
1617 1945 1689 1995 qui
1721 1955 1744 1983 e
1776 1945 1966 1995 pristinis
1998 1944 2208 1983 universi-

342 2013 440 2052 tatis
471 2012 661 2063 collegiis
694 2015 947 2064 provenisse
994 2013 1281 2065 perhibentur,
1329 2016 1431 2052 sunt
1461 2014 1625 2052 circiter
1659 2011 1780 2053 1100.
1845 2011 1925 2053 Cui
1955 2023 2140 2053 numero
2170 2014 2208 2052 si

341 2081 635 2121 addiderimus
681 2084 846 2122 circiter
881 2081 960 2122 150
989 2082 1164 2122 codices
1196 2083 1463 2130 bohemicos‚
1496 2084 1771 2132 germanicos
1813 2085 1943 2133 atque
1975 2093 2066 2130 eOS,
2099 2092 2206 2133 quo-

341 2161 435 2189 rum
481 2153 600 2201 origo
641 2151 1022 2202 recompingendo‚
1085 2151 1292 2200 radendo,
1340 2151 1574 2192 oblinendo
1621 2151 1811 2190 obscura
1856 2154 1935 2199 est,
1983 2150 2208 2202 apparebit

342 2229 516 2259 summa
551 2218 660 2259 1250
690 2220 904 2267 codicum,
936 2223 1008 2272 qui
1040 2232 1066 2260 a
1094 2219 1271 2260 Jesuitis
1303 2219 1584 2261 Clementinis
1616 2231 1671 2260 ex
1702 2219 1885 2259 diversis
1916 2219 2207 2260 universitatis

342 2288 532 2340 collegiis
563 2288 728 2340 accepti
761 2292 802 2329 et
833 2289 962 2329 nobis
1008 2290 1147 2329 traditi
1194 2286 1362 2342 sunt14),
1409 2301 1580 2341 nosque
1611 2289 1694 2341 ipsi
1725 2299 1887 2340 magno
1928 2300 2028 2329 cum
2060 2289 2207 2329 dolore

478 2413 529 2465 12)
560 2418 671 2455 Notis
712 2419 774 2455 his
804 2418 1029 2465 praesertim
1059 2418 1145 2455 libri
1178 2430 1201 2454 a
1231 2420 1387 2455 duobus
1418 2418 1614 2464 magistris
1651 2417 1817 2463 collegio
1848 2414 2041 2454 Reckonis
2073 2410 2207 2453 donati

342 2479 631 2513 enumerantur.
665 2475 790 2523 Quam
820 2475 1056 2512 lacunosum
1087 2476 1138 2512 sit
1168 2476 1401 2523 opusculum
1434 2487 1457 2512 a
1486 2475 1540 2512 M.
1573 2474 1750 2511 Johanne
1793 2474 1994 2521 Campano
2026 2486 2062 2511 a.
2099 2475 2206 2511 1616

341 2533 486 2580 Pragae
517 2534 590 2570 sub
612 2533 725 2570 titulo
749 2533 1048 2570 »Calendarium
1070 2533 1348 2570 beneficiorum
1370 2534 1591 2570 academiae
1612 2531 1794 2579 Pragensi
1823 2532 2078 2569 collatorum«
2102 2532 2206 2579 typis

342 2592 502 2635 editum,
524 2601 574 2627 ex
590 2591 664 2627 hac
685 2592 897 2628 donatione
919 2591 1016 2627 satis
1036 2592 1166 2638 ubere,
1188 2601 1288 2638 quae
1308 2595 1438 2627 tamen
1459 2590 1702 2636 Campanum
1720 2588 1843 2633 latuit,
1866 2589 1978 2626 facile
2001 2588 2205 2636 colligitur.

477 2643 528 2695 13)
557 2648 601 2684 In
631 2648 706 2685 hac
737 2649 975 2685 bibliotheca
990 2648 1085 2684 olim
1103 2652 1217 2685 etiam
1238 2653 1319 2685 erat
1338 2650 1462 2685 codex
1483 2647 1591 2684 2425
1624 2647 1723 2694 (Lib.
1759 2649 1842 2684 dec.
1869 2647 1915 2693 II,
1940 2647 2054 2694 321),
2090 2656 2207 2694 quem

345 2709 506 2743 senatus
539 2705 688 2743 Veteris
719 2707 826 2742 urbis
858 2706 1062 2753 Pragensis
1092 2717 1126 2745 a.
1155 2707 1260 2743 1783
1293 2705 1556 2742 universitatis
1579 2705 1835 2741 bibliothecae
1868 2707 1996 2741 denuo
2029 2704 2205 2741 contulit.

477 2758 527 2810 14)
556 2763 786 2801 Accuratior
814 2763 1033 2800 rationandi
1064 2765 1206 2800 modus
1237 2763 1301 2800 hic
1331 2768 1413 2800 est:
1453 2762 1513 2798 Ex
1557 2762 1793 2799 bibliotheca
1839 2762 1877 2800 S.
1910 2762 1943 2798 J.
1977 2761 2064 2797 Cle-

342 2821 515 2857 mentina
543 2825 802 2867 provenerunt
832 2822 987 2858 codices
1018 2821 1142 2868 latini,
1175 2825 1367 2867 quatenus
1399 2821 1620 2867 signaturae
1653 2821 1794 2856 docent
1837 2851 1843 2858 .
1908 2849 1916 2856 .
1981 2847 1989 2855 .
2052 2849 2061 2858 .
2098 2819 2204 2856 1165

341 2879 411 2915 His
443 2880 609 2916 addendi
640 2883 733 2915 sunt
762 2879 955 2915 veteribus
988 2878 1200 2925 signaturis
1231 2883 1406 2915 carentes
1439 2878 1590 2915 circiter
1621 2904 2059 2915 .......
2125 2877 2206 2914 270

342 2936 500 2973 codices
530 2936 721 2973 bohemici
753 2940 790 2972 et
820 2936 1030 2983 germanici
1062 2936 1210 2973 circiter
1261 2963 2060 2975 ............
2152 2934 2206 2971 70

774 3005 935 3042 Summa
965 3007 1146 3042 codicum
1177 3005 1433 3042 bibliothecae
1466 3004 1505 3041 S.
1539 3004 1573 3040 J.
1606 3004 1871 3040 Clementinae
1906 3035 1912 3042 .
1975 3032 1984 3041 .
2050 3032 2058 3041 .
2097 3003 2204 3040 1505

341 3063 397 3100 De
437 3064 511 3099 hac
543 3074 697 3099 summa
726 3063 758 3099 si
781 3064 1016 3100 detraxeris:
1054 3064 1088 3099 1.
1125 3062 1280 3099 codices
1317 3062 1539 3099 monasterii
1572 3061 1798 3108 Ojvinensis
1833 3090 1841 3098 .
1905 3093 1912 3099 .
1962 3061 2014 3096 24

343 3121 380 3157 2.
413 3121 569 3157 codices
606 3121 655 3157 ab
686 3121 782 3167 ipsis
814 3121 973 3157 Jesuitis
1005 3124 1183 3156 exaratos
1216 3124 1283 3156 aut
1305 3120 1461 3156 aliunde
1483 3124 1665 3166 acceptos
1694 3118 1842 3156 circiter
1904 3118 2012 3155 ,200
2122 3117 2206 3154 224

1463 3189 1666 3224 restabunt
1697 3188 1848 3224 circiter
1908 3216 1917 3224 .
1980 3217 1989 3226 .
2053 3219 2060 3225 .
2098 3187 2205 3224 1279

342 3247 510 3291 codices,
529 3247 595 3293 qui
608 3246 712 3282 circa
723 3257 757 3284 a.
776 3247 882 3283 1620
895 3250 1122 3293 supererant
1137 3250 1176 3282 in
1190 3245 1434 3282 bibliothecis
1446 3245 1697 3292 collegiorum
1710 3244 1974 3281 universitatis
1987 3245 2203 3291 PragensiS.
