2476 3782
1271 291 1349 332 103

375 434 521 475 »Sicut
552 438 593 474 in
625 434 901 486 philosophia
932 436 1078 473 motus
1110 436 1151 472 et
1183 433 1467 483 operaciones
1499 427 1642 468 referri
1680 431 2004 467 consueverunt
2050 426 2106 466 ad
2155 427 2237 467 for-

371 505 492 533 mas«
530 495 571 530 ><
608 492 816 544 »Explicit
832 494 1038 531 tractatus
1057 492 1324 542 peroptimus
1342 487 1395 527 de
1414 487 1681 526 discrecione
1700 485 1970 525 diversorum
1994 487 2236 536 spirituum,

370 551 529 603 quibus
561 551 680 589 multi
712 552 850 589 eciam
881 549 1095 588 notabiles
1126 550 1169 587 in
1201 548 1387 586 ecclesia
1419 545 1702 595 decipiuntur,
1749 554 1849 583 eum
1881 542 2105 582 Johannes
2137 554 2239 595 apo-

371 610 510 649 stolus
543 608 677 648 dicat:
710 606 807 647 Non
839 609 958 646 omni
991 608 1155 658 spiritui
1187 604 1381 644 credas«

514 668 673 714 Utrique
704 667 888 714 operculo
922 667 1165 713 adglutinata
1198 668 1289 701 sunt
1320 663 1479 699 membr.
1513 661 1579 698 fol.
1613 661 1873 712 vetustiorum
1905 661 2101 706 codicum,
2148 671 2245 707 quo-

371 737 455 762 rum
488 727 582 762 alter
613 730 693 761 erat
724 725 964 761 Breviarium
996 735 1099 761 saec.
1133 722 1236 767 XIV,
1270 722 1365 758 alter
1396 720 1604 756 Sermones
1635 720 1828 765 quosdam
1861 730 1965 755 saec.
1999 717 2087 754 XIII
2119 720 2245 755 conti-

371 786 499 820 nebat.
533 784 668 820 Codex
698 785 865 830 primum
882 783 1002 830 (saec.
1027 781 1118 827 XV)
1150 785 1231 816 erat
1258 779 1484 816 monasterii
1504 776 1778 821 Trebonensis‚
1812 777 1952 813 deinde
1985 776 2242 813 bibliothecae

369 842 690 887 Rosenbergicae,
723 852 770 877 ex
801 852 879 887 qua
910 844 1077 877 monast.
1120 838 1238 886 praef.
1287 837 1487 873 restitutus
1519 846 1607 871 cum
1638 835 1745 871 libris
1778 836 1951 871 eiusdem
1983 832 2166 870 omnibus
2193 835 2243 871 ad

371 911 444 936 nos
475 899 661 946 pervenit.

513 1010 607 1064 ¹03
1194 1008 1233 1057 I.
1275 1007 1321 1056 C.
1359 1006 1440 1056 12.

369 1105 515 1145 chart.
545 1115 663 1144 saec.
695 1102 787 1142 XV
798 1103 862 1157 ff
894 1103 977 1144 261
1012 1115 1152 1151 num„
1182 1102 1236 1142 31
1256 1101 1374 1141 ><22
1405 1112 1488 1140 cm.
1521 1100 1549 1140 2
1579 1112 1638 1140 m.

514 1185 540 1224 f.
580 1182 1068 1236 12—141b(Johannis
1117 1183 1239 1234 Hus)
1285 1181 1637 1222 Lectionarium
1688 1179 2087 1232 quadragesimale
2137 1192 2244 1221 cum

370 1242 706 1298 commentario
737 1245 785 1282 et
814 1243 942 1283 notis
975 1241 1355 1282 interlinearibus
1386 1240 1548 1280 latinis
1580 1243 1627 1279 et
1656 1238 1833 1290 glossis
1864 1237 2124 1278 bohemicis
2159 1238 2241 1292 (Cf.

368 1299 552 1341 Vestnik
584 1300 631 1341 C.
666 1300 717 1341 A.
755 1300 862 1340 1897
896 1312 935 1352 p.
969 1300 1085 1352 472).

518 1358 824 1398 »immutemur
854 1359 1003 1398 habitu
1034 1361 1077 1397 in
1109 1360 1251 1397 cinere
1284 1360 1326 1395 et
1357 1357 1532 1396 cilicio«
1569 1357 1612 1392 ><
1645 1355 1850 1402 (Exarata
1882 1355 2078 1406 epistola,
2126 1366 2237 1407 quae

368 1418 520 1468 legitur
551 1417 623 1456 fer.
658 1415 690 1455 II
722 1420 823 1467 post
853 1416 1000 1465 Palm,
1034 1416 1176 1455 scriba
1207 1418 1322 1466 prior
1367 1425 1480 1465 opus
1527 1425 1657 1453 suum
1703 1414 1891 1453 absolvit
1935 1413 2004 1452 his
2050 1413 2238 1459 verbis:)

371 1474 436 1515 »O
467 1475 600 1514 lector
631 1477 723 1513 sive
754 1474 936 1523 auditor,
970 1477 1006 1513 si
1038 1475 1181 1525 aliqua
1211 1475 1407 1512 invenies
1440 1473 1669 1512 intellectui
1701 1475 1775 1511 tuo
1808 1475 2059 1522 incongrua.
2091 1474 2236 1511 amici-

368 1536 481 1573 ciam
511 1536 702 1572 vestram
735 1543 1013 1583 summopere
1045 1542 1164 1582 rogo,
1197 1534 1413 1582 quatenus
1460 1532 1677 1569 caritative
1725 1530 1959 1580 dignemini
2004 1529 2235 1569 reformare

368 1603 457 1631 non
489 1590 756 1630 detrahendo
788 1590 917 1629 michi
949 1601 1000 1629 ac
1031 1590 1184 1629 honori
1217 1599 1315 1628 meo
1348 1591 1389 1627 et
1419 1591 1599 1627 cetera«

513 1648 540 1688 f.
579 1645 845 1687 142a—256b
887 1647 1138 1700 (Johannis
1183 1646 1306 1698 Hus)
1354 1646 1552 1686 Lectura
1592 1645 1646 1685 de
1689 1645 1869 1685 sanetis
1901 1645 2235 1698 (Lectionarium

369 1707 561 1746 similiter
591 1710 720 1757 atque
752 1706 1021 1757 praecedens
1052 1702 1341 1755 instructum).
1380 1702 1501 1743 »Non
1534 1707 1600 1743 est
1643 1704 1739 1743 talis
1781 1704 1932 1742 mulier
1980 1713 2113 1754 supra
2157 1706 2237 1742 ter-

368 1776 486 1804 ram«
522 1765 565 1801 ><
601 1763 866 1804 »Concidisti
899 1774 1077 1803 saccum
1110 1774 1256 1801 meum
1289 1766 1331 1801 et
1361 1764 1522 1801 circum
1554 1773 1623 1801 me
1655 1762 1804 1801 leticia.
1863 1761 2048 1812 Explicit
2077 1761 2237 1800 lectura

369 1823 423 1862 de
456 1824 620 1862 sanctis
652 1834 727 1873 per
757 1833 915 1861 manus
948 1825 990 1860 et
1019 1832 1108 1860 non
1140 1832 1215 1871 per
1246 1819 1458 1871 pe[des].«

485 1879 691 1919 Lecturae
724 1880 997 1931 praecedenti
1029 1882 1218 1918 insertus
1251 1882 1318 1917 est
1347 1877 1417 1917 fol.
1451 1877 1535 1917 255
1566 1877 1602 1917 &
1633 1876 1738 1916 256:

368 1937 530 1978 Sermo
561 1937 678 1988 Mag.
712 1936 974 1989 (Stephani)
1008 1938 1062 1976 de
1094 1936 1255 1975 Palecz
1286 1935 1340 1975 de
1372 1935 1696 1986 assumptione
1742 1934 1787 1974 S.
1819 1934 1994 1975 Mariae
2025 1933 2237 1986 Virginis

1175 1994 1225 2033 in
1255 1993 1431 2044 vigilia.

514 2053 540 2092 f.
574 2050 845 2092 25722—261b
870 2052 1113 2092 Tractatus
1146 2053 1200 2091 de
1249 2062 1442 2102 corpore
1490 2051 1680 2091 Christi.
1747 2051 1960 2090 »Primum
2006 2051 2237 2103 principale

369 2114 492 2163 primi
524 2112 695 2162 capituli
727 2111 907 2162 qualiter
937 2111 1130 2149 humana
1160 2112 1274 2149 racio
1316 2112 1544 2160 concipere
1576 2112 1741 2160 possit«
1768 2109 1811 2145 ><
1837 2112 1904 2148 »et
1925 2111 2027 2159 quia
2047 2111 2236 2149 maxime

369 2171 618 2209 nutritivum
650 2169 729 2208 fuit
758 2172 800 2208 et
831 2171 894 2208 sic
927 2167 1140 2216 Christus,
1173 2170 1247 2218 qui
1279 2171 1347 2206 est
1378 2167 1488 2206 deus
1521 2167 1778 2206 benedictus
1810 2170 1853 2206 in
1886 2167 2036 2206 secula
2066 2167 2234 2207 seculo·

368 2238 462 2266 rum
494 2227 647 2266 Amen.
682 2226 865 2278 Explicit
895 2229 1101 2265 tractatus
1134 2225 1187 2264 de
1220 2236 1399 2276 corpore
1433 2224 1591 2265 Christi
1622 2225 1748 2264 valde
1781 2225 1896 2264 utilis
1928 2227 1970 2264 et
1990 2224 2104 2264 valet
2124 2225 2234 2264 bene

369 2289 411 2324 et
441 2288 585 2324 cetera
617 2296 693 2335 pro
727 2284 1011 2336 simplicibus.

510 2397 610 2451 104
1195 2398 1233 2446 I.
1276 2396 1323 2446 C.
1361 2398 1441 2446 13.

365 2493 510 2532 chart.
543 2504 586 2532 a.
619 2491 735 2531 1470
759 2491 813 2544 ff.
844 2491 931 2531 247
961 2503 1102 2540 num„
1135 2492 1188 2531 31
1210 2491 1321 2530 ><21
1355 2503 1438 2530 cm.
1471 2491 1512 2531 d.
1545 2503 1604 2530 m.

507 2572 579 2612 Fr.
611 2572 820 2612 Simonis
853 2571 1189 2612 Cremonensis
1221 2572 1311 2612 ord.
1345 2572 1456 2611 fratr.
1491 2575 1650 2610 eremit.
1695 2570 1737 2611 S.
1771 2572 1880 2622 Aug.
1929 2571 2058 2622 Opus
2103 2582 2235 2623 prae-

366 2630 562 2671 dicabile
594 2642 736 2681 super
765 2630 1009 2679 evangelia
1039 2630 1380 2670 dominicarum
1410 2629 1557 2669 totius
1589 2629 1715 2669 anni.

508 2688 534 2728 f.
574 2688 588 2727 1
631 2687 759 2740 »[E]x
808 2686 1171 2728 Cremonensium
1219 2687 1440 2738 spectabili
1488 2689 1691 2738 prosapia
1722 2687 1907 2726 oriundo
1941 2698 2023 2726 suo
2075 2687 2230 2727 dilecto

363 2757 571 2797 germano
604 2746 857 2797 presbytero
889 2746 1110 2785 Anthonio
1142 2745 1271 2784 frater
1302 2744 1344 2784 S.
1379 2744 1452 2784 C.‹
1490 2746 1533 2782 ><
1564 2744 1590 2784 f.
1625 2743 1732 2783 233³
1781 2745 2035 2796 »ydolorum
2082 2745 2232 2784 mundi

364 2804 627 2854 decepcione
659 2803 759 2855 (sic)
791 2806 1048 2843 resistamus
1078 2815 1182 2842 vera
1213 2805 1476 2842 contricione
1508 2802 1661 2841 Amen.
1695 2801 1749 2841 Et
1780 2805 1842 2841 sic
1876 2806 1943 2841 est
1973 2802 2073 2842 finis
2101 2803 2232 2842 huius

366 2872 547 2912 operis«

507 2918 533 2957 f.
567 2915 837 2957 23422——247b
862 2917 1033 2957 Tabula
1062 2918 1333 2969 alphabetica
1379 2920 1665 2956 materiarum.
1720 2916 1927 2968 »Explicit
1969 2918 2116 2957 tabula
2147 2916 2227 2970 Sy-

365 2978 508 3015 monis
540 2975 594 3014 de
626 2975 843 3016 Cremona
874 2987 1006 3026 super
1036 2976 1286 3027 ewangeliis
1318 2979 1493 3014 exarata
1524 2986 1600 3025 per
1644 2986 1714 3014 me
1761 2973 2029 3014 Conradum
2075 2974 2232 3027 Kyber

365 3033 420 3072 de
450 3032 702 3073 Veldkirch
735 3038 838 3073 tunc
870 3036 1078 3084 temporis
1110 3035 1402 3085 primissarius
1448 3032 1548 3084 (sic)
1594 3035 1635 3071 in
1682 3031 1844 3071 Montis
1877 3032 2229 3073 Constantiensis

363 3090 542 3142 dyoces
575 3094 618 3129 in
649 3092 793 3142 vigilia
824 3090 1117 3130 Bartholomei
1149 3091 1335 3142 apostoli
1372 3088 1550 3129 1470.‹·

507 3149 709 3196 Operculis
742 3151 958 3197 aglutinata
989 3155 1082 3187 sunt
1112 3151 1246 3196 fragm.
1281 3151 1438 3187 membr.
1473 3151 1694 3186 document.
1727 3160 1914 3195 german.,
1933 3160 2100 3197 quorum
2120 3150 2228 3196 prius

363 3208 442 3245 dat.
475 3212 533 3243 est
570 3207 690 3245 1452.
739 3208 873 3244 Codex
904 3210 1070 3254 primum
1113 3209 1206 3245 bibl.
1249 3207 1568 3253 Rosenbergicae,
1611 3208 1749 3242 deinde
1792 3212 1960 3245 monast.
2009 3207 2231 3244 Tfebonen-

363 3267 418 3300 sis
451 3269 543 3302 erat.

1277 3412 1322 3444 34
