2476 3782
1102 283 1187 323 395

347 420 458 475 393
805 421 902 471 III.
941 421 1002 470 A.
1039 421 1087 470 8.
1108 431 1169 475 (Y.
1195 431 1222 465 1.
1249 431 1281 464 4.
1307 432 1416 473 n.8.)

208 491 354 556 chart.
385 526 429 556 a.
461 514 576 556 1388
588 514 652 569 ff.
683 515 782 564 217,
811 514 998 556 30><21
1031 526 1116 555 cm.
1147 514 1171 555 1
1205 526 1265 555 m.

352 595 378 636 f.
434 592 622 644 1—-202b
667 597 878 644 (anepigr.)
924 594 1127 636 Conradi
1171 595 1227 636 de
1273 595 1450 636 Soltow
1490 594 1737 646 Expositio
1778 596 2077 647 psalmorum.

211 653 423 694 »Psallam
455 654 540 694 deo
571 664 683 702 meo,
717 653 926 706 quamdiu
957 652 1092 693 fuero.
1127 652 1366 694 Reverendi
1399 657 1557 705 patres,
1590 656 1783 705 magistri
1815 657 1857 694 et
1888 653 2076 694 domini«

208 712 253 750 ><
289 714 361 751 »ut
390 722 652 752 coronemur
682 722 757 763 per
785 712 965 762 gloriam
998 714 1040 750 in
1071 711 1229 760 futuro,
1273 723 1405 764 quam
1447 711 1575 751 nobis
1617 712 1822 751 omnibus
1865 711 2080 751 concedat

207 769 414 810 dominus
460 773 610 810 noster
649 767 684 809 J.
718 768 818 810 Chr.
862 771 934 821 qui
966 773 1044 809 etc.
1089 767 1260 809 Nomen
1292 772 1514 821 scriptoris
1546 772 1582 809 si
1614 772 1712 821 quis
1744 772 1862 821 cupit
1892 770 2078 809 habere:

206 826 272 868 Mi
311 827 385 867 tibi
427 829 483 867 sit
523 829 722 879 primum,
769 826 869 867 Cha
909 827 1102 867 medium
1146 826 1287 879 Elque
1335 838 1589 879 supremum
1636 827 1885 879 (Michael).
1931 827 2081 867 Lauda

207 887 476 937 scriptorem,
509 885 650 925 donec
681 886 898 925 inveneris
932 886 1194 925 meliorem«

350 953 378 994 f.
411 951 685 994 2032—21712
715 953 971 994 Anselmus
1004 953 1357 995 Cantuariensis
1388 953 1536 1005 Super
1567 953 1793 995 Miserere
1826 954 1918 995 mei
1949 955 2078 995 deus.

212 1010 489 1052 »Fortissime
521 1011 656 1051 deus«
693 1012 737 1050 ><
773 1011 984 1064 »Explicit
1014 1013 1254 1052 Anselmus
1285 1023 1418 1064 super
1447 1011 1506 1052 M.
1530 1024 1586 1052 m.
1612 1012 1656 1052 d.
1675 1013 1824 1053 finitus
1846 1012 1922 1053 fer.
1949 1016 2080 1052 tercia

207 1074 310 1122 post
338 1069 499 1110 festum
531 1080 568 1110 s.
599 1068 813 1110 Johannis
846 1069 968 1122 Bapt.
1003 1071 1086 1110 sub
1118 1082 1156 1110 a.
1190 1070 1231 1110 d.
1268 1069 1378 1110 1388
1410 1070 1478 1110 die
1520 1074 1563 1110 et
1602 1071 1710 1110 hora
1742 1071 1901 1122 quibus
1934 1082 2078 1122 supra.

206 1126 387 1167 Postulo
418 1127 585 1176 finales,
618 1127 774 1167 dentur
806 1128 908 1167 mihi
941 1131 1043 1168 novi
1076 1129 1332 1168 sotulares«

349 1198 394 1235 In
423 1198 545 1236 fronte
586 1199 652 1236 fol.
693 1200 895 1247 praeligati
928 1201 1025 1237 haec
1057 1205 1152 1237 nota
1182 1211 1286 1238 saec,
1318 1199 1392 1236 XV
1424 1204 1614 1237 occurrit:
1665 1201 1855 1237 »Domine
1886 1200 2079 1236 Dorothee

205 1257 253 1294 de
283 1256 397 1293 Nova
427 1257 598 1303 civitate,
630 1262 673 1294 ut
703 1259 883 1295 estimo.«

342 1379 458 1435 394
806 1382 902 1432 III.
940 1382 1001 1432 A.
1040 1384 1086 1431 9.
1108 1393 1167 1435 (Y.
1194 1393 1220 1426 J.
1247 1393 1277 1426 4.
1304 1404 1339 1426 n.
1365 1394 1415 1435 9.)

205 1473 349 1515 chart.
381 1470 425 1514 α’.
456 1475 572 1516 1390
585 1475 648 1530 ff
678 1476 766 1517 312
796 1488 935 1525 num„
968 1477 1073 1517 295
1088 1476 1252 1518 ><19·5
1280 1488 1364 1517 cm.
1395 1477 1419 1517 1
1454 1488 1514 1516 m.

348 1553 558 1607 Gregorii
586 1555 606 1597 1
635 1568 781 1608 papae
812 1557 1059 1598 Moralium
1089 1568 1231 1609 super
1259 1558 1348 1599 Job
1378 1557 1484 1598 libri
1517 1555 1698 1598 17—35.

347 1624 374 1665 f.
406 1625 514 1666 2572
550 1625 758 1677 »Explicit
788 1626 893 1666 liber
922 1627 1150 1667 moralium
1183 1628 1222 1667 b.
1256 1626 1449 1679 Gregorii
1482 1639 1593 1679 pape
1626 1639 1702 1679 per
1723 1638 1882 1667 manus
1903 1627 2077 1667 Mathie

201 1685 468 1734 (cognomen
500 1686 698 1723 excisum
730 1684 815 1735 est)
846 1696 884 1724 a.
919 1685 958 1725 d.
996 1684 1147 1726 1390‹.

348 1752 375 1793 f.
407 1752 631 1793 258—311
668 1753 802 1794 Index
834 1755 1134 1806 alphabeticus
1165 1754 1394 1795 Moralium
1427 1754 1621 1807 Gregorii
1654 1767 1807 1807 papae.

346 1822 374 1863 f.
407 1822 492 1862 312
522 1822 644 1863 Visio
675 1822 873 1876 Tayonis
906 1823 1306 1876 Caesaraugustam
1337 1828 1532 1876 episcopi
1565 1824 1728 1864 Romae
1750 1827 1793 1864 in
1823 1824 2009 1864 ecclesia
2041 1835 2074 1863 s.

201 1879 322 1921 Petri.
369 1880 487 1921 ›Hec
516 1884 627 1921 visio
660 1893 736 1934 per
764 1885 899 1922 totam
931 1882 1188 1934 Hispaniam
1221 1886 1435 1923 invenitur
1466 1886 1625 1934 scripta
1656 1886 1699 1923 in
1733 1885 1941 1934 principio
1977 1881 2070 1921 Mo-

202 1939 354 1979 ralium
385 1939 427 1979 b.
462 1937 696 1991 Gregorii«

346 2009 471 2048 Vetus
503 2011 604 2058 sign.
636 2011 680 2057 B,
715 2012 753 2049 3.

341 2121 450 2176 395
800 2124 896 2174 III.
936 2124 996 2174 A.
1036 2125 1116 2174 10.
1138 2135 1198 2177 (Y.
1225 2135 1250 2168 J.
1277 2136 1310 2170 4.
1337 2147 1373 2170 n.
1401 2137 1472 2178 10.)

202 2216 348 2258 chart.
379 2228 495 2258 saec.
526 2216 642 2258 XIV
667 2218 788 2271 (ante
820 2230 863 2258 a.
894 2218 1026 2270 1394)
1052 2218 1106 2272 ff.
1140 2218 1225 2259 178
1254 2230 1392 2266 uum„
1425 2219 1467 2258 d.
1499 2231 1558 2259 m.

345 2297 372 2338 f.
410 2297 569 2338 1-35ει
598 2297 831 2339 Johannis
861 2298 1101 2339 Vallensis
1134 2298 1241 2351 (seu
1273 2298 1541 2348 Gualensis)
1574 2300 1778 2341 Libellus
1811 2300 1866 2340 de
1898 2300 1999 2340 vita
2031 2304 2076 2340 et

201 2355 409 2396 moribus
439 2355 694 2397 illustrium
724 2356 1111 2411 philosophorum
1140 2357 1399 2408 gentilium.
1446 2357 1806 2410 »Consequenter
1836 2358 2073 2398 videndum

202 2417 270 2454 est
300 2413 354 2453 de
396 2417 528 2454 tercio
559 2415 778 2466 principali
820 2415 982 2454 scilicet
1023 2415 1077 2454 de
1110 2419 1394 2456 successione
1426 2417 1651 2456 illustrium
1684 2417 2069 2468 philosophorum«

201 2471 247 2509 ><
281 2482 482 2512 »omnem
522 2473 744 2512 hominem
786 2475 1032 2513 venientem
1076 2476 1117 2513 in
1150 2474 1267 2514 hunc
1299 2475 1526 2515 mundum.
1560 2474 1612 2514 Jo
1650 2475 1682 2515 1.
1716 2474 1771 2514 Et
1801 2475 1857 2514 ad
1890 2485 2073 2526 presens

203 2528 424 2570 sufficiant
455 2529 508 2570 de
541 2530 784 2582 predictis«

345 2598 372 2638 f.
404 2597 620 2640 352—402
649 2599 872 2641 Eiusdem
886 2599 1238 2651 Breviloquium
1253 2601 1308 2642 de
1330 2602 1632 2653 philosophia
1648 2601 1752 2642 sive
1769 2601 1824 2642 de
1843 2601 2074 2652 sapientia

202 2659 482 2698 sanctorum.
518 2656 655 2699 »Cum
687 2661 788 2698 vani
820 2661 907 2698 sint
937 2669 1093 2698 omnes
1126 2660 1350 2699 homines<
1389 2662 1432 2698 ><
1467 2660 1677 2711 »Explicit
1706 2659 1752 2699 B.
1788 2659 1841 2699 de
1864 2661 1935 2711 ph.
1960 2670 1994 2700 S.
2020 2659 2073 2698 de

202 2714 454 2812 §.iesimedita
496 2727 523 2755 a
552 2715 600 2756 fr.
633 2715 831 2756 Johanne
879 2728 991 2768 mag.
1027 2728 1149 2756 sacre
1182 2718 1312 2758 theol.
1345 2719 1436 2758 ord.
1470 2718 1584 2758 fratr.
1618 2720 1733 2765 min,
1767 2720 1839 2769 qui
1870 2716 2072 2757 Valensis

345 2841 371 2882 f.
404 2839 649 2883 41⁸—101b
690 2845 900 2892 (anepigr.>
940 2842 1154 2894 Origenis
1185 2845 1452 2886 Adamantii
1484 2845 1864 2886 Commentarius
1897 2844 1947 2884 in
1978 2844 2071 2896 epi-

200 2899 371 2940 stolam
402 2910 439 2940 s.
471 2898 601 2940 Pauli
641 2901 699 2940 ad
739 2900 977 2942 Romanos
1024 2901 1274 2953 interprete
1315 2902 1497 2943 Rufino.
1548 2903 1802 2942 »Volentem
1835 2914 1904 2942 me
1937 2914 2071 2954 parvo

201 2957 459 2997 subvectum
490 2960 688 3009 navigio«
723 2959 767 2996 ><
801 2971 907 2999 »nec
939 2959 1213 3000 dissimulato
1246 2961 1363 3001 bono
1396 2961 1703 3012 decipiamur«

343 3025 372 3066 s.
409 3025 675 3067 10221---178b
706 3031 916 3078 (anepigr.)
932 3029 1050 3081 Mag.
1066 3030 1289 3070 Matthiae
1305 3030 1361 3071 de
1376 3030 1544 3071 Janow
1561 3030 1880 3082 (Parisiensis)
1902 3029 2071 3081 Operis

199 3084 255 3125 de
286 3084 458 3135 regulis
487 3085 664 3126 veteris
694 3089 742 3127 et
771 3087 885 3127 novi
914 3088 1186 3129 testamenti
1217 3088 1332 3129 liber
1361 3087 1415 3128 V.
1459 3088 1681 3128 Praecedit
1711 3089 1855 3137 index,
1889 3100 1976 3141 quo
2009 3100 2069 3128 re-

200 3146 434 3182 censentur
462 3141 502 3181 X
533 3142 833 3184 distinctiones
865 3146 996 3184 huius
1028 3146 1118 3185 libri
1152 3146 1305 3198 (quinti
1329 3146 1574 3186 secundum
1608 3145 1810 3198 Palacky‚
1842 3145 2070 3186 Vorliiufer

201 3200 242 3240 d.
275 3199 610 3240 Husitenthums
641 3213 682 3253 p.
713 3202 800 3250 52).
834 3202 1002 3242 Initium
1035 3206 1076 3243 in
1108 3203 1134 3243 f.
1174 3203 1297 3244 105²:
1335 3203 1506 3244 »Frater
1536 3207 1593 3243 mi
1625 3207 1668 3244 in
1701 3204 1818 3244 dom.
1850 3204 1955 3244 Jesu
1978 3216 2071 3255 pre·

200 3258 388 3298 dilecte«
430 3258 637 3309 »Explicit
667 3261 727 3308 (in
759 3259 785 3299 f.
824 3258 944 3307 178b)
967 3265 1174 3301 tractatus
1206 3266 1388 3313 quartus
1419 3264 1522 3311 (sic)
1540 3263 1720 3302 hortans
1738 3267 1780 3302 et
1797 3262 2069 3313 persuadens

1105 3410 1167 3441 153
