2476 3782
1128 277 1182 316 76

354 415 383 457 f.
415 411 688 455 226b—260b
728 413 979 466 (Johannis
1017 413 1459 465 Hildesheimensis)
1502 413 1646 454 Gesta
1683 414 1826 454 trium
1855 426 2017 466 regum
2047 419 2093 455 et

212 473 548 515 translationes
579 483 756 514 eorum.

351 542 381 584 f.
413 538 686 582 260b-271b
715 540 956 590 (Matthaei
987 540 1337 592 Cracoviensis)
1367 539 1591 592 Dialogus
1623 541 1679 582 de
1709 541 1940 593 frequenti
1970 554 2091 583 com-

214 601 449 642 munione.
486 599 746 639 »Multorum
767 603 856 639 tam
878 599 1132 639 clericorum
1156 610 1289 650 quam
1311 599 1562 650 laycorum«
1584 600 1628 637 ><
1650 600 1824 639 »datum
1849 604 1916 640 est
1932 612 2091 652 corpus

214 659 257 700 d.
288 671 331 700 n.
363 658 400 700 J.
433 657 560 700 Chr.«
590 691 600 701 .
625 689 635 698 .
662 690 672 700 .

350 728 381 769 f.
411 723 680 768 2722—27612
710 725 855 767 Stella
883 725 1175 766 clericorum.
1220 724 1384 777 »Quasi
1416 725 1540 765 stella
1570 729 1804 766 matutina«
1828 729 1870 765 ><
1892 738 2091 779 »supere-

214 786 374 827 xaltate
405 797 507 826 eum
538 788 581 825 in
614 796 650 824 s.
684 795 747 824 sa

351 856 396 894 In
426 857 502 893 fine
546 857 784 892 rubricatum
827 859 907 893 est:
956 855 1094 891 »Liber
1135 854 1362 891 monasterii
1404 855 1546 890 domus
1588 866 1620 892 s.
1653 855 1780 901 Egidii
1812 857 2092 893 canonicorum

212 915 449 962 regularium
479 918 519 951 in
550 914 768 960 Witignaw
789 914 887 950 alias
918 914 958 949 in
1003 913 1178 949 Trzebon
1219 913 1391 949 donatus
1433 923 1501 959 per
1547 914 1651 950 dom.
1696 913 1905 950 Nicolaum
1946 915 2091 951 dictum

214 973 377 1011 sellan«
412 972 614 1020 Operculis
647 971 821 1018 adligata
851 975 945 1007 sunt
966 971 1044 1007 duo
1067 971 1162 1007 folia
1183 971 1343 1008 membr.
1368 970 1543 1006 missalis
1567 981 1673 1008 saec.
1693 970 1908 1022 XJIIJXIV,
1928 983 2092 1019 quorum

213 1031 332 1078 priori
372 1041 492 1067 manu
532 1040 637 1067 saec.
679 1029 753 1065 XV
784 1029 972 1076 inscripta
1004 1033 1064 1065 est
1103 1029 1241 1066 tabula
1282 1032 1567 1066 contentorum.
1610 1029 1657 1066 A.
1707 1030 1813 1066 1609
1858 1032 1983 1066 codex
2014 1036 2094 1067 erat

215 1089 310 1127 bibl.
341 1088 666 1135 Rosenbergicae‚
699 1088 839 1124 deinde
870 1087 1011 1124 iterum
1043 1086 1270 1123 monasterii
1301 1085 1576 1124 Trebonensis.

351 1235 428 1289 74
1021 1234 1061 1284 Ι.
1099 1235 1159 1284 Β.
1197 1234 1280 1284 18.

211 1341 400 1384 membr.
432 1354 477 1389 a.
517 1342 631 1383 1392
654 1341 717 1396 ff
744 1342 843 1390 228,
882 1341 1075 1382 31><23
1121 1352 1205 1381 cm.
1249 1339 1368 1380 binis
1400 1340 1668 1392 plerumque
1709 1340 1789 1380 col.
1823 1352 1918 1380 una
1949 1352 2092 1381 manu

206 1401 449 1454 praeclare
476 1402 696 1441 exaratus
727 1402 766 1440 et
795 1398 858 1440 lit.
891 1399 1053 1440 initiat.
1079 1398 1215 1453 pictis
1245 1400 1379 1450 atque
1409 1398 1644 1438 deauratis
1673 1400 1928 1438 exornatus.

351 1480 601 1534 (Pseudo-)
632 1480 847 1532 Dionysii
875 1479 1187 1531 Areopagitae
1229 1489 1393 1530 opera:
1436 1479 1490 1518 de
1533 1478 1709 1518 caelesti
1750 1478 1999 1527 hierarchia,
2043 1479 2096 1519 de

214 1540 512 1580 ecclesiastica
550 1539 803 1587 hierarchia,
847 1539 900 1578 de
943 1538 1100 1578 divinis
1131 1537 1396 1585 nominibus,
1443 1537 1496 1576 de
1529 1539 1717 1588 mystica
1749 1537 1977 1588 theologia,
2010 1540 2098 1589 epi-

213 1598 367 1638 stolae.
399 1597 583 1638 Accedit
611 1600 955 1638 commentarius
987 1596 1251 1648 marginalis.

215 1725 326 1767 ¹392
351 1667 380 1707 f.
413 1664 520 1708 228¹>
564 1666 865 1719 »Suffragante
907 1667 1053 1707 divina
1094 1665 1392 1706 misericordia
1433 1663 1582 1703 finitus
1626 1668 1694 1704 est
1735 1666 1815 1704 iste
1848 1665 1952 1704 liber
1982 1677 2021 1704 a.
2055 1666 2096 1705 d.

330 1741 366 1766 ,‹

350 1796 577 1834 Praeclarus
608 1797 673 1833 hic
704 1798 830 1833 codex
861 1800 943 1833 erat
974 1798 1175 1843 quondam
1208 1795 1374 1841 Collegii
1404 1793 1605 1831 immacul.
1639 1794 1910 1840 conceptionis
1943 1794 2099 1831 fratrum

212 1855 409 1892 minorum
437 1855 697 1892 Hibernorum
733 1855 952 1902 Pragensis.

354 2001 425 2055 75
1021 1999 1064 2048 I.
1103 1999 1162 2048 Β.
1200 1999 1281 2047 19.

212 2107 358 2149 chart.
386 2118 506 2148 saec.
537 2106 631 2147 XV
648 2105 703 2160 ff.
736 2106 833 2155 108,
864 2107 919 2147 31
938 2106 983 2144 ><
1001 2105 1055 2145 21
1090 2116 1172 2145 cm.
1206 2104 1229 2144 1
1263 2116 1323 2144 m.
1357 2115 1461 2144 cum
1492 2104 1587 2145 init.
1609 2104 1713 2158 pict.

351 2188 584 2246 (Hugonis
613 2186 1046 2239 Argentoratensis)
1078 2185 1419 2237 Compendium
1448 2185 1739 2237 theologicae
1769 2185 1996 2226 veritatis.

351 2259 546 2309 Operculo
577 2261 685 2297 infer.
720 2260 924 2306 alligatum
955 2259 1020 2297 fol.
1054 2260 1215 2295 membr.
1249 2257 1426 2294 Missalis
1450 2258 1620 2294 alieuius
1643 2269 1748 2295 saec.
1771 2257 1877 2295 XIV.
1902 2257 2094 2305 Operculo

213 2328 342 2368 super.
374 2319 612 2356 intrinsecus
643 2318 834 2364 inscripta
873 2322 932 2354 est
973 2317 1136 2353 donatio
1177 2327 1322 2363 magna
1363 2327 1411 2352 ex
1452 2320 1560 2363 parte
1601 2327 1726 2363 erasa,
1769 2327 1817 2352 ex
1859 2327 1937 2362 qua
1967 2321 2097 2352 tamen

213 2377 578 2426 comprehendimus
609 2377 786 2412 codicem
818 2379 996 2412 nostrum
1028 2386 1064 2412 a.
1102 2374 1211 2411 1464
1245 2386 1269 2410 a
1299 2375 1472 2421 quodam
1505 2375 1712 2421 capitaneo
1746 2374 1847 2411 arcis
1880 2373 2098 2410 Crumlovi-

213 2437 320 2473 ensis
361 2437 550 2473 donatum
591 2444 680 2470 esse
721 2434 962 2470 monasterio
1004 2431 1260 2470 T'rebonensi.
1292 2432 1441 2468 Deinde
1474 2433 1602 2468 codex
1633 2437 1714 2468 erat
1745 2433 1785 2468 in
1821 2432 1916 2469 bibl.
1949 2432 2097 2468 Rosen-

214 2494 387 2541 bergica,
417 2503 467 2530 ex
497 2503 577 2540 qua
606 2494 746 2528 iterum
778 2492 817 2528 in
850 2494 1021 2528 monast.
1054 2491 1273 2537 praefatum
1303 2491 1489 2537 pervenit.

356 2639 427 2693 76
1021 2639 1060 2688 I.
1099 2637 1161 2687 B.
1199 2637 1280 2686 20.

214 2745 357 2786 chart.
389 2756 433 2784 a.
466 2744 581 2786 1700
610 2744 755 2785 scribi
784 2745 971 2797 coeptus,
1004 2744 1160 2784 deinde
1191 2744 1300 2784 aliis
1329 2743 1545 2784 manibus
1566 2743 1854 2783 continuatus
1875 2753 2014 2794 usque
2035 2740 2096 2780 ad

213 2814 257 2844 a.
274 2802 401 2854 1745,
434 2802 661 2843 continens
674 2802 738 2856 ff
769 2803 839 2851 35,
870 2803 925 2843 31
948 2802 1066 2843 ><20
1097 2814 1183 2842 cm.
1217 2804 1257 2842 et
1288 2803 1383 2842 octo
1414 2801 1633 2850 imagines
1655 2800 1817 2853 pictas.

351 2882 569 2935 Syllabus
610 2883 831 2924 abbatum
872 2887 919 2924 et
957 2883 1160 2924 fratrum
1205 2882 1253 2923 in
1295 2882 1584 2923 monasterio
1617 2882 1660 2925 S.
1693 2881 1874 2922 Nicolai
1903 2880 2096 2921 Vetero-

213 2939 390 2993 Pragae
420 2941 512 2982 ord.
546 2940 591 2982 S.
624 2941 844 2982 Benedicti
877 2942 933 2982 ab
964 2954 1005 2982 a.
1041 2939 1164 2991 1635,
1198 2952 1285 2992 quo
1333 2952 1388 2980 ex
1421 2939 1600 2980 Slowan
1632 2940 1763 2991 vulgo
1795 2939 2006 2978 Emmaus
2039 2938 2094 2977 ad

215 2997 259 3039 S.
291 2997 453 3039 Nicolai
485 3000 716 3039 ecclesiam
748 3000 887 3039 abbas
920 3011 1021 3039 cum
1053 2999 1257 3039 fratribus
1290 3003 1333 3038 et
1363 3001 1678 3038 monasterium
1711 2998 1967 3037 translatum
1999 2996 2088 3038 fuit.

214 3059 498 3108 consignatus
529 3069 568 3097 a.
606 3056 716 3097 1700
746 3060 1043 3106 (continuatus
1074 3068 1224 3108 usque
1254 3057 1313 3096 ad
1343 3067 1382 3096 a.
1419 3054 1562 3107 1745).

354 3125 382 3166 s.
420 3126 528 3166 1—5
559 3126 697 3178 Copia
738 3128 1000 3166 memorialis
1041 3127 1097 3166 ad
1130 3126 1356 3168 Urbanum
1399 3124 1490 3164 VIII
1523 3136 1681 3176 papam
1714 3124 1800 3164 dati
1832 3135 1909 3175 pro
1940 3133 2094 3174 appro-

216 3183 388 3223 batione
411 3184 720 3225 translationis.
752 3183 1023 3236 (Sequuntur
1053 3187 1265 3236 imagines
1298 3187 1339 3223 et
1368 3186 1480 3222 vitae
1513 3183 1754 3231 abbatum.)

355 3254 490 3290 Codex
520 3257 604 3292 sine
636 3257 756 3292 dubio
788 3266 807 3291 e
839 3259 1009 3293 monast.
1041 3256 1212 3302 praefato
1245 3255 1296 3290 ad
1327 3265 1400 3290 nos
1432 3254 1618 3301 pervenit.

1133 3402 1176 3434 23
