2476 3782
1058 235 1165 275 1255

349 371 377 412 f.
416 372 456 412 1·
486 371 640 426 (rubr.)
695 373 869 425 ›Incipit
898 373 1004 413 liber
1036 376 1203 425 primus
1235 372 1456 413 Ruralium
1488 374 1777 414 comodorum
1808 385 1835 413 a
1866 373 1991 413 Petro
2023 373 2077 413 de

204 427 479 472 Crescenciis
511 434 604 471 cive
636 430 833 471 Bononie
865 431 1126 483 compilatus
1157 431 1213 470 ad
1244 431 1458 472 honorem
1490 431 1559 471 dei
1590 434 1900 483 omnipotentis
1936 435 1978 471 et
2002 430 2079 472 Se-

205 489 422 529 renissimi
453 487 579 540 Regis
612 488 780 530 Karon«
812 520 822 530 .
848 520 856 529 .
888 519 898 529 .
926 520 933 528 .

348 559 416 598 Dr.
449 558 537 597 Car.
579 559 710 607 Chytil
751 562 798 597 de
828 560 990 607 picturis
1031 560 1118 596 libri
1149 560 1348 596 disserens
1382 557 1590 608 (Pamatky
1621 561 1816 597 archaeol.
1848 559 1951 605 XIII,
1980 559 2078 607 154)

203 626 305 664 opus
347 618 423 654 hoc
463 619 503 654 in
549 628 665 654 usum
711 617 842 655 Caroli
882 617 936 654 IV
966 617 1210 665 imperatoris
1242 620 1508 664 conscriptum
1539 629 1626 655 esse
1658 623 1809 665 praeter
1838 629 1918 655 rem
1952 622 2076 665 putat,

204 684 295 711 curn
325 675 601 722 intelligendus
633 677 683 712 sit
714 674 879 712 Carolus
911 685 979 712 rex
1009 674 1179 720 Siciliae,
1212 677 1277 722 qui
1300 685 1403 714 saec.
1438 674 1528 712 XIII
1557 678 1756 723 regnabat.
1777 676 1833 715 Cf.
1854 675 2077 722 Sternberg‚

205 731 519 770 Pflanzenkunde
550 732 580 780 1,
614 733 680 772 36.
713 733 773 770 Ex
806 733 899 770 bibl.
931 733 1086 780 collegii
1118 732 1158 770 S.
1191 732 1225 770 J.
1258 732 1577 771 Crumloviensis.

347 869 472 923 1252
1015 868 1120 919 VII.
1162 867 1209 919 C.
1246 870 1291 919 9.

205 963 350 1005 chart.
382 975 427 1004 a.
457 963 574 1005 1406
592 962 661 1015 ff.
691 963 792 1013 387,
822 963 875 1004 31
896 963 1012 1004 ><22
1042 974 1124 1003 cm.
1155 963 1180 1003 1
1214 975 1274 1003 m.

637 1044 763 1086 Petri
794 1044 1085 1086 Comestoris
1116 1044 1329 1085 Historia
1359 1043 1654 1085 scholastica.

349 1113 376 1154 f.
417 1116 457 1154 1⁸
493 1116 669 1166 »Incipit
700 1115 921 1167 prologus.
954 1113 1105 1155 Rever.
1138 1117 1246 1166 patri
1280 1112 1501 1154 Guilermo
1519 1111 1802 1154 Sennonensi
1819 1115 2076 1165 archiepisc.

204 1171 355 1212 Petrus
386 1172 596 1224 presbiter
635 1171 892 1213 Crecensis«
924 1204 933 1213 .
961 1206 968 1213 .
997 1204 1007 1213 .
1031 1173 1088 1220 ><
1118 1171 1146 1213 f.
1179 1171 1287 1212 387³
1323 1172 1514 1211 »scilicet
1543 1174 1587 1211 in
1618 1171 1959 1223 catabundis(?).
2007 1171 2070 1211 Fi-

203 1231 322 1270 nitus
353 1233 422 1270 est
451 1230 557 1270 liber
585 1242 622 1271 a.
658 1230 699 1270 d.
737 1229 847 1270 1406
878 1230 951 1270 fer.
985 1229 1036 1270 III
1068 1233 1111 1270 in
1144 1233 1302 1270 octava
1333 1241 1369 1270 s.
1400 1229 1711 1281 Margarethe.«

347 1300 406 1338 Ex
436 1301 529 1340 bibl.
564 1302 718 1348 collegii
750 1301 790 1340 S.
823 1301 857 1339 J.
891 1301 1193 1339 Crumloviensi.

347 1425 476 1480 1253
970 1425 1076 1475 VII.
1118 1424 1168 1476 C.
1205 1425 1287 1475 IO.

202 1520 347 1562 chart.
379 1531 423 1561 a.
454 1519 570 1561 1555
587 1517 653 1571 ff.
685 1518 784 1569 124,
815 1519 977 1560 29·5><
993 1519 1051 1560 20
1081 1531 1165 1560 cm.
1198 1519 1240 1559 d.
1273 1531 1333 1559 m.

202 1600 597 1653 Antiphonarium
613 1600 852 1652 perpetuis
871 1600 997 1641 notis
1015 1600 1209 1641 musicis
1232 1600 1517 1642 instructum
1538 1612 1645 1641 cum
1665 1599 2076 1641 lamentationibus

259 1659 559 1711 paschalibus
589 1658 1051 1710 latino-germanicis.
1085 1658 1619 1711 (Lateinisch-deutsche
1651 1655 2031 1710 oster-Klagen.)

346 1741 391 1779 In
422 1741 489 1779 fol.
522 1746 672 1778 textum
703 1743 959 1788 praecedente
989 1741 1111 1778 literis
1142 1741 1274 1779 rubeis
1306 1745 1343 1778 et
1374 1742 1517 1780 caerul.
1541 1743 1773 1778 adnotatum
1795 1745 1879 1779 est:
1917 1742 2075 1779 »Reven

202 1802 307 1840 dom.
341 1804 457 1848 atque
487 1801 576 1847 pius
607 1799 808 1837 Johannes
838 1799 1079 1836 Laurencius
1112 1811 1136 1835 a
1165 1799 1467 1846 Reychemboch
1498 1804 1570 1838 etc.
1603 1801 1864 1847 emeritusque
1895 1802 1933 1837 d.
1965 1811 2077 1847 prae-

202 1859 356 1906 positus
390 1887 399 1896 .
434 1887 442 1895 .
479 1886 486 1894 .
521 1886 530 1895 .
562 1868 624 1894 me
665 1857 794 1895 fecit«
843 1857 887 1893 In
929 1859 1066 1894 eodem
1097 1857 1162 1894 fol.
1194 1867 1307 1893 verso
1340 1862 1432 1893 sunt
1462 1859 1541 1894 duo
1573 1858 1687 1905 clipei
1723 1862 1760 1894 et
1789 1868 1918 1894 annus
1954 1856 2074 1896 1556.

202 1916 247 1953 In
276 1916 343 1954 sol.
376 1915 561 1964 operculo
593 1925 722 1962 super.
771 1915 944 1962 adligato
989 1914 1214 1951 Bohuslaus
1255 1914 1446 1951 Balbinus
1487 1926 1607 1951 manu
1649 1919 1804 1963 propria
1843 1917 2076 1963 persuadere

203 1978 367 2011 conatur
410 1975 552 2011 librum
594 1974 713 2020 hunc,
772 1975 838 2020 qui
878 1984 927 2009 ex
968 1972 1153 2009 Glacensi
1195 1973 1432 2009 bibliotheca
1473 1984 1613 2011 canon.
1646 1973 1768 2021 regul.
1801 1984 1833 2010 s.
1865 1974 2076 2020 Augustini

202 2032 368 2079 collegio
401 2032 441 2071 S.
473 2031 507 2070 J.
540 2030 751 2068 Jiczinensi
774 2031 966 2077 obtigerit,
991 2041 1040 2067 ex
1062 2031 1305 2077 autographo
1327 2029 1501 2067 Amesti
1523 2031 1689 2078 archiep.
1714 2031 1823 2078 Prag.
1841 2034 2076 2078 descriptum

199 2099 299 2129 esse.
333 2089 392 2127 Cf.
423 2089 572 2127 Dreves
603 2100 640 2136 p.
677 2089 742 2126 24.
762 2089 794 2125 &
826 2089 1083 2125 Centralblatt
1113 2089 1137 2124 f.
1170 2088 1269 2125 Bibl.
1302 2088 1404 2134 VIII,
1438 2087 1533 2127 470.
1556 2089 1615 2126 Ex
1637 2090 1730 2126 bibl.
1754 2089 1793 2127 S.
1816 2089 1850 2125 J.
1872 2087 2075 2127 Jicinensi.

344 2223 477 2278 1254
981 2223 1088 2274 VII.
1131 2223 1180 2274 C.
1218 2223 1301 2275 11.

200 2318 342 2358 chart.
371 2329 488 2359 saec.
518 2318 638 2359 XVI
663 2331 725 2359 ex.
742 2318 804 2372 ff
836 2318 922 2360 134
950 2318 1023 2371 (z
1049 2319 1139 2359 265
1157 2320 1227 2372 pp.
1261 2317 1419 2371 πωπω,
1450 2318 1643 2360 30><20
1674 2331 1757 2360 cm.
1791 2320 1815 2359 1
1849 2332 1908 2360 m.

200 2398 486 2451 Sigismundi
515 2399 779 2441 Dominacii
810 2401 866 2440 de
896 2399 1082 2440 Pisnicz
1113 2400 1158 2441 S.
1190 2399 1339 2440 Roma
1383 2411 1470 2440 seu
1516 2399 1833 2441 Romanarum
1878 2399 2075 2451 antiqui-

198 2460 349 2498 tatum
379 2456 633 2498 fasciculus
667 2489 676 2498 .
711 2490 720 2499 .
752 2461 997 2510 imperatori
1044 2457 1274 2510 Rudolpho
1321 2458 1354 2498 11
1387 2458 1627 2499 dedicatus.
1675 2457 1927 2511 (Exemplar
1967 2458 2073 2498 Wil-

200 2516 344 2555 helmo
376 2515 536 2556 domus
585 2516 931 2568 Rosenbergicae
963 2516 1254 2567 gubernatori,
1289 2515 1525 2556 Bohemiae
1558 2516 1788 2567 burgravio
1820 2516 1875 2556 ab
1897 2520 2074 2556 auctore

199 2573 405 2619 oblatum,
437 2577 487 2613 ut
517 2574 677 2614 docent
708 2575 851 2615 literae
884 2577 927 2613 in
959 2574 1098 2614 fronte
1131 2576 1364 2621 mutilatae,
1399 2585 1511 2626 quae
1552 2585 1666 2626 opus
1704 2574 1980 2625 praecedunt.
2006 2573 2071 2615 Cf.

831 2631 997 2671 Balbini
1028 2631 1135 2671 Boh.
1171 2632 1210 2672 d.
1243 2631 1288 2680 ΙΙ,
1328 2632 1439 2681 124.)

343 2701 402 2738 Ex
432 2702 524 2740 bibl.
557 2702 711 2750 collegii
743 2703 783 2740 S.
814 2703 847 2740 J.
881 2703 1200 2740 Crumloviensis.

340 2823 465 2878 1255
967 2825 1074 2875 Vll.
1115 2825 1165 2875 C.
1203 2826 1284 2875 12.

200 2919 343 2961 chart.
374 2928 491 2958 saec.
523 2917 734 2973 XVHff.
765 2919 823 2960 49
852 2931 989 2969 num„
1020 2919 1217 2967 30><21
1253 2931 1336 2959 cm.
1369 2919 1410 2960 d.
1443 2932 1503 2960 m.

205 2998 596 3040 »Exercitationes
627 2999 934 3051 geometricae
965 3003 1007 3040 in
1039 2999 1095 3041 VI
1127 3004 1270 3052 partes
1312 3000 1577 3040 subdivisae.
1622 2999 1864 3040 Tractatus
1924 2998 1985 3039 VI
2015 2999 2071 3040 de

198 3057 408 3098 colorata
424 3060 470 3097 et
486 3056 701 3098 circulari
721 3057 956 3098 radiorum
978 3058 1203 3098 solarium
1224 3069 1308 3108 per
1329 3057 1515 3098 diversa
1536 3057 1768 3109 diaphana
1786 3056 2071 3108 proiectione

200 3118 382 3166 propriis
413 3118 728 3166 experientiis«
763 3114 956 3164 (Rectius
975 3116 1080 3155 liber
1110 3115 1415 3156 intitulandus:
1448 3114 1821 3156 Exercitationes
1853 3115 2071 3167 opticae).

344 3186 387 3222 In
428 3186 612 3233 operculo
654 3197 783 3234 super.
824 3188 1058 3223 intrinsecus
1103 3187 1347 3233 adglutinata
1388 3187 1554 3234 sphaera
1584 3187 1744 3223 caelesti
1775 3186 1943 3223 occurrit
1973 3187 2071 3222 haec

199 3243 458 3291 subscriptio:
494 3243 787 3281 »illustrissimo
821 3273 829 3281 .
865 3273 873 3281 .
907 3273 916 3282 .
949 3244 1229 3292 Christophoro
1261 3245 1286 3281 l.
1320 3246 1357 3281 b.
1397 3241 1425 3282 a*
1454 3244 1753 3291 Schaffgotsch‹
1793 3275 1799 3282 .
1836 3273 1843 3281 .

1100 3389 1169 3423 485
