2476 3782
1131 278 1181 318 19

217 422 356 463 Anno
390 419 512 462 1763.
542 418 621 471 (Re
651 429 756 459 vera
787 417 892 458 liber
922 419 1114 457 continet
1175 415 1415 468 Syllabum
1466 427 1660 467 operum
1701 415 1777 457 SS.
1825 415 2015 457 Patrum
2047 422 2092 458 et

218 479 507 532 Scriptorum
536 475 803 527 Ecclesiae).

356 539 420 576 Ad
450 538 597 575 calcem
628 537 728 573 tituli
761 536 858 572 haec
890 538 984 571 nota
1015 539 1094 570 est:
1130 533 1276 570 Omnes
1308 534 1364 570 illi
1395 534 1526 570 Patres
1559 535 1622 570 hic
1653 535 1874 580 consignati
1915 540 2092 581 prostant

217 599 258 635 in
288 597 524 635 bibliotheca
555 594 903 642 sumptuosissima
934 592 1221 639 archiepiscopi
1253 592 1475 638 Pragensis.
1530 602 1578 628 ex
1610 602 1775 638 quorum
1806 593 1989 638 operibus
2022 604 2092 639 ego

217 666 266 693 ea
294 654 427 692 omnia
457 653 646 700 exscripsi
677 656 751 689 etc.
783 651 828 687 In
859 651 924 687 fol.
955 652 1013 687 tit.
1046 660 1202 696 praec.:
1234 649 1348 686 Dono
1380 651 1460 686 dati
1494 649 1589 696 (sic)
1621 661 1669 686 ex
1701 650 1977 686 benevolentia
2007 651 2090 688 Jos.

216 713 392 752 Barisien
429 711 535 748 1766
568 710 671 757 (sine
703 710 824 747 dubio
856 708 958 745 sicut
990 709 1147 744 codices
1181 709 1358 754 praeced.
1392 712 1429 743 et
1460 708 1620 754 subseq.
1653 707 1912 744 bibliothecae
1938 708 2091 755 collegii

217 770 262 809 S.
291 770 326 808 J.
358 769 679 815 Neo-Pragensi).

358 879 416 935 Ι4
1010 877 1048 927 I.
1088 878 1149 927 A.
1189 877 1272 926 12.

215 975 358 1016 chart.
389 977 569 1028 autogr.
601 985 644 1014 a.
677 972 792 1014 1760
805 971 869 1026 ff
901 971 987 1012 126
1019 983 1141 1012 num.
1173 972 1234 1013 35
1249 972 1364 1012 ><22
1395 983 1480 1012 cm.

332 1054 335 1057 ’
364 1054 753 1109 »Quatuordecim
782 1053 1029 1105 Imagines,
1063 1053 1330 1105 sapientum
1360 1053 1496 1095 dictis
1538 1063 1790 1104 expressae
1810 1084 1820 1094 .
1839 1083 1848 1092 .
1870 1086 1877 1094 .
1903 1054 2091 1104 compil-

215 1116 364 1156 latore
395 1113 496 1166 (sic)
527 1112 562 1153 J.
595 1113 644 1153 E.
679 1112 754 1153 Β.«
791 1111 1018 1163 (Josepho
1053 1111 1252 1153 Ernesto
1284 1111 1529 1163 Barisien).
1564 1111 1725 1162 Pragae
1754 1110 1875 1151 1760.
1910 1111 2088 1163 (Produ-

215 1175 373 1213 cuntur
401 1172 471 1212 hic
504 1172 585 1211 loci
619 1173 879 1222 scriptorum
913 1170 1199 1210 classicorum
1232 1170 1288 1209 ad
1319 1173 1499 1209 virtutes
1531 1169 1748 1220 quasdam
1790 1172 1832 1209 et
1863 1170 2089 1210 hominum

218 1230 396 1271 ordines
429 1229 712 1281 spectantes.)

356 1289 604 1338 Quamquam
636 1290 676 1325 in
708 1289 832 1325 fronte
864 1288 951 1324 libri
983 1288 1100 1324 huius
1133 1288 1185 1324 rei
1218 1289 1362 1324 mentio
1405 1298 1484 1324 non
1525 1287 1579 1334 fit,
1621 1287 1758 1334 procul
1801 1287 1920 1323 dubio
1964 1289 2090 1324 codex

216 1350 388 1385 donatus
419 1352 479 1384 est
510 1359 533 1384 a
564 1347 817 1394 compilatore
849 1346 952 1383 sicut
984 1346 1142 1382 codices
1165 1347 1440 1394 praecedentes
1462 1349 1498 1382 et
1520 1346 1805 1391 subsequentes
1833 1346 2091 1382 bibliothecae

215 1406 369 1453 collegii
402 1405 442 1444 S.
474 1405 509 1442 J.
542 1405 822 1452 Neopragensi.

361 1517 416 1572 15
458 1517 511 1572 16
1016 1515 1055 1566 I.
1095 1515 1158 1566 Α.
1196 1516 1279 1566 13.

219 1609 400 1654 Codices
429 1611 518 1652 duo
551 1611 697 1652 chart.
731 1614 912 1665 autogr.
946 1624 989 1653 a.
1022 1611 1139 1652 1755
1167 1613 1206 1650 et
1236 1611 1352 1652 1756
1395 1610 1586 1659 exarati,
1629 1622 1824 1662 quorum
1871 1611 1989 1652 alter
2034 1614 2096 1666 (a)

213 1669 315 1720 264,
346 1670 463 1711 alter
494 1671 557 1721 (b)
587 1669 675 1711 289
694 1666 752 1725 ff.
785 1682 909 1711 num.
940 1671 999 1711 36
1016 1669 1128 1710 ><21
1164 1681 1248 1709 cm.
1282 1668 1481 1709 continet.

363 1753 537 1800 (Titulus
568 1753 617 1800 I.)
648 1749 808 1791 Notata
840 1751 894 1790 de
925 1750 1257 1791 Haeresiarchis
1289 1753 1331 1790 et
1361 1749 1644 1790 Haeresibus.
1692 1751 1862 1799 (Titulus
1894 1752 1961 1800 ΙΙ.)
2008 1749 2092 1790 No-

215 1813 318 1858 tata,
350 1820 432 1849 seu
462 1808 670 1850 Lexicon
701 1810 953 1849 haeresum
986 1820 1104 1856 pene
1138 1808 1361 1857 omnium,
1409 1819 1521 1860 quae
1567 1819 1594 1847 a
1639 1811 1908 1859 reparatione
1942 1808 2092 1849 mundi

214 1867 272 1908 ad
303 1870 455 1908 nostra
485 1878 627 1919 usque
660 1871 858 1919 tempora
889 1870 1229 1914 insurrexerunt,
1277 1878 1332 1906 ex
1376 1870 1572 1906 veterum
1615 1869 1990 1918 recentiorumque
2024 1879 2092 1907 ec-

215 1925 559 1966 clesiasticarum
610 1936 753 1965 rerum
802 1926 1085 1977 scriptoribus
1133 1928 1279 1964 erutae
1332 1928 1373 1964 et
1418 1927 1461 1964 in
1502 1935 1639 1964 unum
1686 1925 1893 1964 volumen
1941 1925 2091 1965 ordine

214 1983 488 2036 alphabetico
519 1983 724 2024 reductae
755 1995 782 2022 a
813 1983 848 2024 J.
882 1983 930 2023 E.
964 1983 1012 2023 B.
1046 1983 1272 2034 (Josepho
1303 1982 1503 2023 Ernesto
1534 1981 1778 2035 Barisien.)

233 2063 236 2066 ·
359 2043 473 2081 Dono
515 2044 595 2080 dati
637 2055 660 2080 a
700 2043 734 2080 J.
775 2043 820 2080 E.
862 2043 1038 2080 Barisien
1081 2043 1174 2080 bibl.
1217 2043 1372 2089 collegii
1414 2042 1453 2079 S.
1486 2042 1520 2080 J.
1553 2043 1697 2089 Pragae
1740 2044 1789 2079 ad
1822 2043 1862 2080 S.
1895 2043 2091 2090 Ignatium

216 2112 252 2139 a.
289 2102 412 2139 1766.
1569 2107 1571 2110 ⁴

356 2211 407 2266 17
1013 2214 1053 2263 I.
1093 2214 1153 2263 A.
1191 2213 1274 2263 14.

216 2306 362 2349 chart.
394 2309 573 2361 autogr.
607 2319 649 2348 a.
683 2308 800 2348 1755
821 2307 873 2362 ff.
905 2308 1004 2348 322.
1037 2319 1159 2348 num.
1192 2308 1253 2348 35
1268 2307 1378 2348 ><21
1413 2319 1498 2348 cm.

365 2387 564 2430 »Notata
594 2390 650 2430 de
680 2389 940 2438 Atheismo,
979 2388 1286 2440 Ethnicismo,
1331 2388 1592 2440 Judaismo,
1638 2391 1685 2430 et
1714 2388 2093 2440 Philosophismo

214 2445 439 2488 historice
469 2447 746 2498 conscripta,
781 2448 968 2487 subinde
990 2450 1033 2488 in
1057 2447 1251 2487 debitum
1274 2447 1470 2488 ordinem
1499 2447 1747 2499 redigenda.
1781 2447 1885 2487 Pars
1908 2447 1936 2487 Ι.
1962 2448 2089 2487 Anno

216 2503 391 2546 Domini
428 2504 550 2545 1755.
582 2505 617 2545 J.
641 2505 689 2546 E.
723 2505 798 2546 B.‹
834 2508 897 2557 (Σ
913 2505 1151 2558 Josephus
1173 2504 1402 2546 Ernestus
1424 2505 1668 2556 Barisien.)
1692 2506 1816 2555 (Pars
1838 2505 1870 2544 II
1894 2509 2090 2558 sequitur

216 2563 243 2603 a
272 2562 344 2604 fol.
377 2561 464 2603 210
493 2574 634 2615 usque
666 2564 723 2603 ad
754 2563 870 2615 322).

363 2622 499 2660 Codex
531 2625 580 2660 ab
613 2628 771 2660 auctore
804 2635 838 2661 a.
877 2624 984 2661 1766
1017 2625 1188 2660 donatus
1230 2624 1489 2661 bibliothecae
1531 2624 1685 2670 cellegii
1728 2623 1767 2662 S.
1801 2623 1834 2660 J.
1867 2623 2010 2671 Pragae
2042 2626 2092 2660 ad

218 2679 258 2718 S.
291 2680 499 2728 Ignatium.

361 2792 416 2846 18
458 2793 510 2847 19
1014 2793 1054 2843 I.
1096 2793 1154 2844 A.
1193 2794 1274 2844 15.

220 2883 398 2927 Codices
427 2887 518 2928 duo
548 2888 689 2929 chart.
722 2890 902 2941 autogr.
935 2899 977 2928 a.
1011 2887 1125 2928 1757
1142 2887 1203 2941 ff
1234 2886 1494 2937 323-1-296,
1525 2888 1584 2928 33
1602 2888 1713 2928 ><21
1749 2899 1832 2927 cm.

365 2967 680 3021 »Polyanthea
710 2968 972 3009 Haeresum
1002 2980 1029 3007 a
1061 2968 1424 3020 Philosophorum
1457 2969 1626 3008 Placitis
1659 2967 1979 3020 Gentiliumque
2014 2969 2089 3008 Fa-

218 3025 332 3064 bulis
364 3026 579 3075 inchoata‚
626 3026 892 3066 Judaeorum
940 3026 1243 3066 Deliramentis
1290 3030 1553 3074 continuata,
1602 3037 1682 3066 nec
1724 3038 1812 3066 non
1844 3026 2090 3066 Haeresiar-

218 3082 397 3123 charum
428 3083 655 3124 Erroribus
686 3096 713 3124 a
743 3088 937 3136 tempore
969 3084 1280 3135 Apostolorum
1313 3085 1369 3123 ad
1401 3088 1550 3124 nostra
1591 3095 1732 3135 usque
1775 3089 1971 3135 tempora
2017 3085 2088 3124 de-

219 3140 362 3180 ducta.
396 3140 686 3193 Compilatore
717 3142 927 3194 Josepho
958 3141 1158 3182 Ernesto
1190 3141 1414 3189 Barisien,
1461 3145 1533 3194 qui
1574 3142 1657 3182 hoc
1700 3153 1813 3192 opus
1846 3147 1946 3193 post
1979 3143 2084 3182 mul-

219 3202 366 3296 {3³1OEer
391 3210 605 3239 annorum
637 3201 829 3240 laborem
862 3212 900 3240 a.
939 3199 1044 3239 1757
1078 3203 1441 3240 consummavit«
1486 3199 1613 3240 Tom.
1647 3199 1674 3239 I.
1709 3199 1850 3239 A—L.
1882 3199 2009 3240 Tom.
2043 3200 2088 3239 ΙΙ.
