2476 3782
1238 334 1316 375 175

343 475 386 517 S.
421 476 474 515 de
506 475 554 516 C.
588 475 678 515 ord.
712 475 824 515 fratr.
867 475 1026 514 herem.
1070 486 1104 513 s.
1138 474 1274 525 Aug«
1312 475 1354 510 ><
1404 472 1611 523 »Explicit
1651 471 1754 510 liber
1785 471 1960 520 quintus
1993 467 2045 507 de
2078 469 2202 506 mira·

342 534 451 574 culis
482 545 508 573 a
540 532 640 573 Chr.
674 532 797 572 sactis
829 535 871 572 et
901 532 984 572 hoc
1018 534 1215 582 sequenti
1258 531 1325 570 die
1358 534 1458 582 post
1489 530 1647 569 festum
1681 540 1715 568 s.
1750 526 1983 566 Benedicti.
2032 524 2201 575 Dignus

343 595 410 631 est
441 593 734 630 mercenarius
765 589 964 630 mercede
997 600 1115 629 sua.«

487 650 595 697 Opus
637 660 715 686 non
758 650 910 685 videtur
950 659 1036 685 esse
1069 649 1316 695 completum,
1360 657 1447 683 cum
1480 648 1518 682 in
1552 646 1803 692 praecedente
1836 643 1997 689 registro
2035 641 2084 677 14
2116 641 2201 677 libri

342 708 573 744 indicentur.
617 706 684 753 (V.
716 707 763 743 A.
802 707 848 743 17
891 707 1112 743 indicantur
1156 706 1242 741 libri
1279 705 1361 751 15.)
1404 703 1538 740 Codex
1571 708 1738 739 monast.
1770 700 2031 737 Tiebonensis
2063 703 2099 735 et
2130 709 2202 734 suo

343 770 514 811 tempore
547 765 639 802 bibl.
672 765 978 810 Rosenbergicae
1011 764 1093 801 fuit.

486 876 575 928 175
1153 874 1191 923 Ι.
1228 874 1292 924 D.
1327 874 1407 924 35.

345 970 484 1010 chart.
515 980 631 1009 saec.
664 967 825 1022 XVff
858 969 937 1009 161
971 980 1107 1019 num„
1139 967 1324 1008 29><21
1358 979 1441 1007 cm.
1474 966 1514 1006 d.
1547 979 1606 1006 m.

487 1049 515 1090 f.
553 1048 729 1089 1⁸—44b
759 1049 924 1090 Isidori
954 1049 1243 1100 Hispalensis
1264 1048 1504 1088 Tractatus
1527 1048 1581 1088 de
1603 1058 1787 1087 summo
1809 1047 1943 1086 bono.
1975 1043 2207 1084 »Summus

345 1108 442 1147 ideo
475 1107 584 1146 deus
617 1111 707 1147 est«
743 1109 785 1146 ><
837 1107 915 1146 »Et
947 1109 1009 1147 sic
1040 1108 1169 1146 huius
1200 1107 1409 1146 tractatuli
1441 1106 1623 1145 habetur
1643 1104 1745 1144 finis
1769 1107 1830 1143 sic
1852 1103 2064 1154 intytulati
2086 1101 2206 1153 Isyo-

346 1165 479 1205 dorus
511 1165 564 1204 de
597 1176 770 1204 summo
809 1165 963 1204 bono«

345 1291 390 1332 M
451 1234 520 1330 df.l
548 1231 764 1273 45b—47b
810 1233 1067 1284 Fragmenta
1113 1244 1364 1272 sermonum
1412 1233 1465 1271 de
1512 1232 1551 1271 b.
1599 1231 1734 1271 Maria
1778 1234 1940 1282 virgine
1988 1233 2030 1269 et
2073 1227 2209 1267 Maria

394 1303 449 1343 ag
481 1303 617 1331 aena.

489 1360 516 1400 f.
549 1357 793 1400 492—1401‘
841 1360 1050 1411 (anepigr.)
1090 1359 1405 1400 Auctoritates
1447 1358 1730 1410 alphabetice
1770 1358 1988 1409 digestae.
2044 1356 2210 1396 »Absti-

346 1421 501 1458 nencia
530 1418 646 1458 Eccl.
679 1418 747 1465 30,
786 1418 799 1457 1
838 1417 921 1470 Qui
952 1418 1177 1457 abstinens
1209 1422 1287 1466 est,
1321 1417 1475 1456 adiciet
1504 1420 1661 1456 vitam«
1687 1418 1730 1453 ><
1767 1416 1872 1467 (vox
1909 1414 2114 1466 »virtus-r)
2139 1412 2210 1454 »Si

345 1478 488 1515 vitasti
519 1487 663 1527 grave,
697 1487 856 1515 caveas
888 1487 941 1515 ne
974 1476 1169 1514 obruaris
1201 1487 1344 1515 arena.
1378 1475 1415 1513 A
1447 1478 1510 1514 tot
1539 1477 1637 1526 gest
1666 1474 1848 1515 konecz.
1882 1473 1971 1512 bud
1994 1473 2113 1512 bohu
2135 1482 2209 1523 po-

350 1544 509 1573 ruczen
540 1546 571 1585 y
601 1534 716 1584 geho
749 1534 863 1585 myle
894 1536 1102 1572 mateze«

490 1602 517 1643 f.
555 1601 818 1642 1412—1611’
861 1602 1096 1642 Sermones
1144 1603 1299 1641 diversi
1342 1604 1457 1641 initio
1504 1603 1645 1640 manci
1692 1603 1896 1652 (quorum
1928 1599 2122 1639 nonnulli
2154 1598 2207 1638 de

347 1660 648 1709 dedicatione).

490 1731 533 1767 In
564 1731 687 1768 fronte
719 1732 743 1768 f.
781 1734 824 1768 1:
862 1731 1116 1767 »Conventus
1149 1742 1180 1767 s.
1212 1731 1480 1777 Margarethae
1511 1730 1710 1766 Plznensis
1743 1731 1824 1766 ord.
1858 1729 2211 1776 praedicatorum«.

488 1843 574 1895 176
1128 1842 1167 1892 Ι.
1203 1843 1269 1891 D.
1304 1843 1385 1892 36.

348 1937 492 1976 chart.
525 1947 567 1975 a.
600 1935 789 1989 1422ff.
820 1936 906 1976 309
938 1948 1074 1984 num„
1104 1935 1290 1976 3Ο><21
1324 1947 1406 1976 cm.
1440 1935 1480 1975 d.
1512 1947 1571 1975 m.

491 2017 518 2056 f.
557 2017 571 2055 1
613 2017 703 2057 »De
736 2016 941 2057 Secundo
973 2017 1246 2068 philosopho,
1279 2019 1351 2068 qui
1383 2016 1505 2056 duxit
1534 2019 1665 2055 vitam
1698 2015 2093 2067 Pythagoriorum.«

491 2086 517 2124 f.
552 2086 757 2125 22—269·
788 2085 990 2126 Conradi
1019 2085 1074 2125 de
1106 2085 1282 2126 Soltow
1313 2084 1482 2125 Glossa
1511 2083 1732 2135 psalterii.
1769 2084 1978 2123 »Psallam
2011 2083 2094 2122 deo
2116 2093 2214 2122 meo

349 2144 557 2194 quamdiu
578 2144 722 2183 suero«
750 2145 793 2181 ><
833 2143 1040 2194 »Explicit
1059 2144 1184 2194 glosa
1205 2144 1390 2194 psalterii
1414 2143 1513 2182 data
1544 2143 1676 2193 Frage
1708 2154 1734 2180 a
1756 2154 1840 2182 rev.
1875 2153 1987 2192 mag.
2011 2140 2214 2181 Conrado

349 2201 405 2240 de
438 2200 604 2240 Sultaw
645 2206 795 2240 sancte
841 2204 1028 2246 univers.
1072 2201 1192 2251 Prag.
1240 2203 1446 2251 magistro
1489 2203 1643 2251 pagine
1687 2211 1808 2239 sacre
1841 2211 1878 2239 a.
1913 2199 1953 2239 d.
1986 2198 2214 2237 Millesimo

349 2258 512 2309 (cetera
543 2261 699 2306 erasa).
744 2258 930 2298 Finitum
972 2263 1038 2298 est
1078 2259 1161 2297 hoc
1194 2269 1307 2309 opus
1339 2270 1376 2298 a.
1411 2258 1450 2296 d.
1488 2257 1597 2297 1422
1627 2258 1807 2296 indies.
1843 2257 2043 2296 Laurenti
2090 2260 2211 2295 mart.

349 2327 425 2367 per
455 2315 780 2367 Wolfcangum
810 2316 984 2356 Hubler
1014 2316 1070 2355 de
1100 2315 1364 2366 Insprukka
1395 2318 1501 2355 civis
1532 2315 1799 2354 Brixinensis
1833 2316 1970 2354 dioc«

494 2373 521 2413 f.
555 2370 818 2413 269⁸*270b
850 2373 986 2413 Notae
1019 2374 1071 2412 de
1104 2374 1219 2412 libris
1251 2374 1428 2413 biblicis.

492 2431 519 2470 f.
552 2428 815 2470 271⁸*309b
834 2431 1042 2482 (anepigr.)
1062 2430 1393 2470 Dictionarium
1410 2430 1637 2470 biblicum.
1660 2430 1917 2480 »Abyssus«
1953 2430 1997 2468 ><
2046 2439 2209 2467 »zona«

350 2487 477 2536 (Xen.
510 2488 635 2529 Bern.
668 2489 714 2536 ΙΙ,
753 2490 786 2537 1,
825 2489 901 2528 147
935 2484 1047 2540 opus
1088 2489 1172 2528 hoc
1203 2488 1260 2528 M.
1293 2487 1542 2528 Wilhelmo
1588 2487 1643 2527 de
1673 2486 1908 2527 Montibus
1941 2486 2210 2535 attribuitur).

498 2548 555 2583 Ex
587 2549 821 2584 monasterio
853 2548 1105 2585 Trebonensi.

496 2661 583 2712 177
1137 2659 1175 2708 I.
1214 2660 1277 2708 D.
1315 2660 1395 2708 37.

350 2755 492 2794 chart.
523 2765 639 2793 saec.
672 2752 747 2792 XI
758 2752 789 2790 V
796 2753 856 2806 ff
887 2753 985 2802 294,
1015 2754 1204 2793 30><22
1235 2765 1318 2793 cm.
1351 2753 1393 2793 d.
1426 2765 1483 2792 m.

492 2834 519 2874 f.
557 2832 762 2874 1⁵——258b
807 2834 966 2874 Milicii
1004 2834 1119 2874 liber
1159 2844 1442 2883 sermonum,
1484 2833 1560 2883 qui
1605 2832 1771 2872 dicitur
1815 2832 2082 2872 Abortivus.
2124 2832 2152 2872 f.
2190 2833 2204 2871 1

350 2895 474 2942 incip.
508 2893 736 2942 prologus:
774 2892 954 2931 »Emitte
986 2892 1159 2931 domine
1192 2893 1494 2942 sapienciam,«
1529 2893 1571 2930 in
1603 2901 1690 2941 quo
1722 2894 1873 2930 auctor
1904 2901 1952 2929 se
1988 2894 2211 2942 »rogatum

351 2962 378 2988 a
409 2950 684 2988 studentibus
727 2950 890 3000 collegii
922 2952 1032 2988 sacri
1074 2949 1303 3000 Pragensis
1330 2980 1339 2988 .
1366 2979 1374 2987 .
1437 2959 1663 2987 sermones
1695 2951 1946 2999 presentes«
1978 2980 1986 2988 .
2013 2980 2021 2988 .
2049 2980 2057 2987 .
2084 2948 2211 2987 edere

353 3006 575 3058 profitetur
614 3011 742 3058 atque
794 3007 899 3046 libro
944 3007 1228 3046 »Abortivus«
1273 3017 1433 3045 nomen
1478 3008 1670 3056 imponit.
1719 3008 1757 3042 ><
1804 3005 1831 3045 f.
1864 3002 1969 3045 258b
2006 3005 2213 3057 »Explicit

352 3066 436 3103 hoc
467 3075 579 3115 opus
611 3076 685 3115 per
716 3076 872 3103 manus
903 3064 1135 3115 Heynriei.
1180 3063 1314 3103 Detur
1344 3074 1420 3114 pro
1452 3074 1596 3114 penna
1627 3065 1843 3113 scriptori«
1880 3066 2042 3111 (cetera
2073 3074 2210 3111 erasa,

351 3121 571 3161 videlicet:
616 3123 793 3172 pulchra
838 3123 990 3172 puella.
1034 3122 1151 3160 Idem
1194 3121 1335 3160 scriba
1380 3123 1464 3159 iam
1511 3123 1553 3160 in
1585 3120 1611 3159 f.
1650 3120 1730 3158 134
1760 3131 1920 3159 nomen
1955 3132 2084 3160 suum
2117 3131 2211 3172 pro-

353 3179 487 3227 didit).

493 3236 519 3274 f.
553 3236 820 3275 2592—2692
851 3236 1092 3287 Registrum
1125 3247 1255 3286 super
1277 3246 1502 3274 sermones
1535 3234 1678 3274 Milicii
1711 3235 1974 3280 (secundum
2007 3238 2209 3274 materias

353 3293 619 3344 alphabetice
651 3294 899 3345 digestum).

1263 3438 1307 3470 66
