2476 3782
1308 306 1385 347 871

561 444 587 485 s.
626 441 892 484 1400—1462’
924 444 968 485 S.
1014 443 1260 496 Augustini
1305 445 1439 486 Liber
1485 446 1540 486 de
1584 456 1698 486 vera
1743 448 1789 485 et
1833 444 1951 484 falsa
1981 443 2278 495 poenitentia.

428 501 673 553 »Quantum
707 504 762 541 sit
793 502 1038 553 appetenda
1068 506 1236 553 gracia«
1271 504 1315 541 ><
1351 504 1509 543 »odore
1542 507 1583 543 et
1629 505 1869 542 suavitatis,
1931 502 2093 542 Finitur
2123 501 2177 541 de
2208 513 2281 554 pe-

422 562 608 599 nitencia
638 571 740 599 vera
772 564 813 598 et
844 560 992 599 falsa«

566 617 591 657 f.
631 614 898 656 14612—1492
939 616 1159 657 Eiusdem
1204 617 1451 668 Speculum
1497 617 1766 670 peccatoris.
1825 616 2081 669 »Quoniam
2128 616 2280 657 fratres

421 675 650 722 karissimi,
682 677 723 714 in
755 677 825 714 via
855 675 984 714 huius
1017 675 1176 714 seculi«
1213 675 1264 726 ><
1302 676 1445 728 »quod
1478 677 1548 715 tibi
1590 675 1804 715 concedat
1848 676 1928 723 ille,
1982 677 2054 726 qui
2100 677 2143 714 in
2190 685 2278 715 sec.

423 743 509 771 sec.
544 736 611 772 est
642 732 752 771 deus
785 732 1080 772 benedictus«
2275 783 2283 788 μ

559 789 585 829 f.
624 789 887 829 1492—150·
916 789 964 830 B.
996 789 1208 830 Anselmi
1239 789 1589 831 Cantuariensis
1615 790 1893 839 »Tractatus‚
1926 790 2158 840 quomodo
2184 788 2282 831 vita

420 858 615 898 presens
664 847 760 887 fere
805 850 905 887 tota
935 851 1008 888 est
1037 847 1084 887 in
1105 850 1332 898 peccato«
1400 847 1568 888 »Ferret
1610 847 1709 900 (sic)
1751 859 1819 887 me
1850 850 1938 887 vita
1968 846 2090 887 mea«
2126 847 2169 885 ><
2204 845 2282 887 »Et

422 907 484 944 sic
517 908 586 944 est
615 904 715 945 finis
746 908 954 945 tractatus
987 906 1026 945 b.
1059 906 1289 945 Anzhelmi
1320 908 1363 945 in
1398 908 1604 957 principio
1636 906 1830 945 eiusdem
1865 906 2072 945 intitulati.
2115 904 2280 945 Finitus

421 967 488 1001 est
519 966 663 1002 autem
695 963 800 1002 liber
830 966 910 1002 iste
943 964 1026 1002 sub
1057 975 1095 1002 a.
1135 963 1174 1003 d.
1211 962 1321 1003 1389
1353 963 1419 1002 die
1451 962 1548 1004 XVI
1582 966 1748 1003 mensis
1781 963 1982 1003 Octobris
2015 974 2091 1014 per
2122 973 2280 1003 manus

421 1020 605 1060 Martini
636 1020 733 1060 nati
764 1021 995 1072 quondam
1025 1020 1212 1061 Henrici
1244 1022 1298 1061 de
1330 1020 1615 1072 Mnychow.‹
1671 1020 1872 1072 Sequitur
1915 1024 2018 1060 nota
2049 1021 2158 1060 alius
2191 1031 2280 1060 ma-

420 1089 504 1118 nus
537 1078 730 1118 radendo
762 1079 904 1118 laesa:
942 1077 1225 1118 ›Helmoldus
1256 1082 1395 1118 rector
1425 1081 1716 1118 universitatis
1760 1091 1796 1119 a.
1832 1079 1871 1118 d.
1927 1078 2034 1118 1398
2079 1080 2122 1117 in
2167 1077 2280 1117 festo

421 1147 456 1175 s,
490 1135 672 1184 Martini,
707 1137 790 1176 sub
824 1147 910 1189 quo
942 1135 997 1175 65
1030 1147 1065 1176 s.
1099 1137 1294 1176 intitulati
1327 1147 1521 1178 sumus«

559 1195 602 1231 In
634 1197 818 1243 operculo
851 1206 978 1243 super.
1010 1196 1246 1233 intrinsecus
1276 1199 1313 1232 et
1344 1196 1383 1232 in
1415 1196 1481 1234 fol.
1515 1196 1725 1242 praeligato
1757 1199 1966 1232 occurrunt
1982 1195 2144 1231 Formae
2166 1195 2282 1230 abso-

419 1253 580 1289 lutionis
611 1258 648 1290 et
679 1259 795 1290 notae
826 1255 956 1290 variae
987 1255 1252 1300 indulgentias
1285 1255 1376 1289 anni
1409 1254 1566 1290 iubilaei
1595 1254 1700 1290 1393
1724 1258 2015 1291 concernentes,
2046 1253 2141 1289 Item
2162 1262 2280 1288 manu

420 1313 623 1347 recentiori
655 1313 820 1349 additur:
858 1311 957 1347 »Iste
990 1316 1048 1347 est
1078 1311 1175 1348 liber
1205 1313 1308 1349 dom.
1343 1311 1567 1347 wenceslai
1608 1312 1764 1358 plebani
1806 1313 1845 1347 in
1885 1311 2212 1357 Michalowycm,
2245 1313 2282 1346 et

420 1369 694 1415 specificantur
725 1374 920 1406 contenta.
953 1369 997 1405 In
1029 1369 1212 1416 operculo
1244 1369 1352 1406 infer.
1385 1370 1621 1405 intrinsecus
1644 1374 1801 1405 exarata
1822 1373 1879 1405 est
1902 1369 2067 1415 epistola
2088 1367 2281 1404 invectiva

420 1426 460 1462 in
492 1428 687 1473 quendam
719 1429 960 1463 sacerdotem
993 1428 1232 1471 mendacem,
1265 1427 1476 1473 plebanum
1523 1427 1711 1463 ecclesiae
1757 1428 1797 1462 in
1842 1426 1994 1462 Juniori
2039 1425 2278 1463 Boleslavia.

418 1483 541 1520 Vetus
577 1486 675 1531 sign.
712 1485 737 1530 ?,
770 1485 841 1522 49.

556 1595 647 1648 871
1070 1596 1120 1645 V.
1157 1596 1222 1646 D.
1258 1596 1305 1645 3.
1333 1607 1394 1650 (Y.
1418 1607 1446 1640 1.
1471 1608 1504 1640 3.
1530 1617 1564 1640 n.
1587 1606 1659 1646 84.)

418 1688 560 1729 chart.
595 1702 637 1730 a.
669 1689 783 1731 1407
813 1690 863 1743 ff.
894 1691 991 1739 253,
1021 1691 1075 1731 31
1097 1690 1212 1730 ><22
1243 1701 1325 1730 cm.
1358 1691 1382 1730 1
1416 1702 1475 1729 m.

733 1770 1075 1812 Bartholomaei
1105 1770 1161 1810 de
1192 1769 1237 1811 S.
1269 1768 1529 1810 Concordio
1560 1769 1751 1809 Summa
1779 1768 1961 1809 Pisana.

563 1829 589 1868 f.
637 1828 678 1868 1a
721 1828 978 1881 »Quoniam
1029 1832 1078 1868 ut
1116 1831 1174 1868 ait
1213 1824 1448 1879 Gregorius
1491 1838 1623 1878 super
1662 1826 1959 1866 Ezechielem«
2008 1827 2058 1877 ><
2101 1825 2127 1866 f.
2173 1822 2281 1866 2591’

422 1884 814 1926 »Consummaturn
855 1886 934 1926 fuit
973 1887 1057 1926 hoc
1098 1897 1212 1937 opus
1242 1887 1286 1925 in
1317 1887 1485 1925 civitate
1526 1884 1700 1936 Pysana
1730 1896 1806 1936 per
1834 1884 1882 1924 fr.
1915 1884 1962 1924 B.
1995 1884 2049 1924 de
2082 1882 2126 1925 S.
2158 1882 2206 1924 C.
2233 1915 2243 1924 .
2269 1916 2278 1924 .

418 1955 455 1982 a.
489 1944 530 1983 d.
569 1943 677 1984 1338
709 1945 777 1984 die
810 1944 847 1984 7.
881 1947 1047 1984 mensis
1079 1943 1333 1984 Decembris
1360 1975 1368 1983 .
1397 1974 1405 1982 .
1433 1975 1441 1983 .
1467 1941 1623 1982 Bartol.
1656 1943 1759 1982 obiit
1779 1954 1816 1984 a.
1845 1941 1951 1981 1347
1975 1942 2043 1981 die
2065 1941 2090 1980 2
2113 1943 2279 1981 mensis

416 2000 549 2040 Julii.‹

562 2059 589 2098 f.
623 2057 898 2099 259ῑ>--263*ι
928 2059 1172 2111 Registrum
1204 2060 1360 2109 operis
1393 2060 1435 2097 in
1467 2058 1594 2097 cuius
1624 2056 1711 2097 fine
1751 2058 1859 2097 haec
1906 2060 2010 2096 nota
2050 2059 2140 2096 est:
2191 2055 2281 2096 ›Fi-

418 2119 505 2156 nita
537 2123 604 2156 est
644 2117 725 2157 hec
767 2116 950 2158 Summa
990 2120 1188 2168 proxima
1230 2116 1302 2156 fer.
1335 2115 1386 2156 III
1416 2118 1515 2155 ante
1548 2114 1741 2166 Gregorii
1772 2126 1883 2166 pape
1915 2126 1951 2154 a.
1987 2114 2027 2154 d.
2064 2111 2173 2154 1407
2205 2125 2282 2166 per

417 2185 575 2213 manus
605 2174 806 2226 Philippi
835 2175 990 2226 Sneph
1022 2176 1077 2215 de
1107 2173 1291 2214 Tulna.‹

563 2232 590 2272 f.
623 2230 729 2272 263b
759 2231 964 2272 Testatur
995 2232 1172 2285 quidam
1203 2231 1427 2271 Johannes
1449 2230 1503 2269 de
1523 2229 1902 2282 Lythomyerzycz
1925 2240 1973 2268 se
1995 2229 2150 2269 librum
2171 2240 2281 2269 ven-

416 2289 581 2329 didisse
614 2291 730 2330 dom.
763 2290 927 2330 Jacobo
959 2302 997 2330 a.
1035 2289 1143 2330 1422
1174 2292 1217 2329 in
1240 2289 1372 2329 domo
1404 2288 1682 2327 habitationis
1712 2286 1828 2338 Mag.
1862 2285 2078 2327 Cristanni
2100 2289 2279 2327 rectoris

416 2348 571 2387 eccles.
606 2359 640 2388 s.
673 2347 909 2388 Michaelis.
956 2362 958 2364 ·

554 2460 661 2514 872
1059 2460 1109 2509 V.
1147 2461 1210 2510 D.
1249 2460 1296 2508 4.
1336 2470 1395 2512 (Y.
1428 2470 1456 2503 Ι.
1488 2471 1526 2506 3.
1549 2480 1582 2502 n.
1606 2471 1678 2503 85.x

416 2555 557 2594 chart.
588 2567 705 2596 saec.
735 2554 998 2596 XIV-XV
1006 2554 1068 2608 ff.
1099 2554 1181 2595 121
1214 2565 1352 2604 num„
1381 2553 1485 2594 305
1501 2551 1538 2594 ><
1556 2551 1609 2592 21
1657 2563 1739 2595 cm.
1770 2551 1793 2591 1
1829 2563 1888 2592 m.

761 2635 1041 2677 Psalterium
1073 2647 1179 2676 cum
1208 2635 1367 2687 glossa
1398 2632 1632 2685 (Richardi
1661 2631 1935 2683 cuiusdam).

557 2694 584 2734 f.
632 2695 676 2734 1³
710 2694 896 2746 »Magna
941 2694 1170 2745 spiritualis
1214 2692 1489 2732 iocunditatis
1529 2693 1724 2731 novitas‹
1773 2690 1817 2727 ><
1848 2689 1874 2729 f.
1922 2689 2024 2728 121ελ
2069 2688 2280 2740 »Explicit

415 2753 663 2803 psalterium
696 2763 796 2792 cum
827 2753 991 2803 glosa«
1027 2750 1277 2802 Sequuntur
1306 2751 1536 2800 Augustini
1566 2748 1700 2788 verba
1746 2747 1800 2786 de
1831 2746 1959 2786 laude
1997 2747 2278 2798 psalmorum.

557 2810 774 2858 Registrum
815 2812 1098 2859 adglutinaturn
1148 2814 1207 2847 est
1245 2810 1428 2857 operculo
1468 2808 1649 2844 inferiori.
1690 2806 1734 2842 In
1765 2807 1948 2854 operculo
1980 2817 2108 2854 super.
2139 2806 2202 2843 hic
2231 2806 2280 2842 ti-

413 2870 519 2906 tulus
563 2874 647 2906 est:
693 2870 946 2906 »Psalterium
987 2880 1077 2905 cum
1106 2869 1286 2904 Richardi
1331 2867 1494 2914 glosa‹;
1527 2866 1596 2902 sed
1628 2865 1716 2911 quis
1747 2865 1811 2900 hic
1842 2864 1885 2901 R.
1917 2865 2043 2910 fuerit,
2081 2873 2276 2911 nusquam

415 2930 575 2974 reperio.
607 2926 731 2963 Vetus
763 2928 864 2974 sign.
896 2926 940 2973 B,
978 2925 1046 2964 40.

551 3038 659 3091 873
1050 3037 1106 3086 V.
1145 3036 1209 3086 D.
1246 3036 1294 3085 5.
1333 3046 1392 3090 (Y.
1417 3046 1445 3079 Ι.
1470 3046 1502 3079 4.
1527 3055 1561 3078 n.
1586 3045 1658 3086 86.)

414 3130 555 3170 chart.
587 3142 702 3171 saec.
734 3130 852 3171 XIV
876 3133 916 3171 et
943 3129 1035 3171 XV
1045 3129 1106 3184 ff
1138 3130 1226 3170 155
1252 3139 1389 3178 num„
1419 3127 1523 3168 295
1538 3129 1578 3164 ><
1603 3127 1657 3167 21
1691 3138 1774 3167 cm.
1806 3127 1847 3167 d.
1870 3138 1929 3166 m.

556 3210 583 3251 f.
623 3208 803 3252 1⁶¹——l5b
835 3211 879 3252 S.
910 3209 1141 3252 Johannis
1172 3207 1500 3261 chrysostomi
1530 3206 1635 3247 libri
1655 3206 1746 3247 duo
1778 3207 1833 3247 de
1853 3206 2007 3247 cordis
2029 3216 2275 3257 compunc-

412 3268 553 3308 tione.
590 3268 725 3309 »Cum
758 3273 799 3308 te
830 3271 1012 3317 intueor,
1044 3268 1085 3308 b.
1118 3267 1331 3307 Demetri«
1370 3263 1407 3307 ><
1447 3265 1723 3305 »mortalibus
1755 3264 1982 3305 flammis«

1310 3414 1378 3447 356
