2476 3782
1313 326 1396 366 228

417 463 648 503 Tractatus
681 464 733 503 de
768 465 979 514 pulsibus.
1041 464 1068 504 f.
1107 464 1208 504 106ιι
1245 465 1450 516 »Explicit
1496 465 1549 504 de
1597 466 1826 504 universali
1874 467 2026 504 virtute
2075 464 2280 515 simplicis

418 521 668 561 medicine«
709 521 881 572 »Incipit
912 526 1117 562 tractatus
1150 523 1203 562 de
1235 523 1523 563 vulneribus«
1587 523 1614 563 f.
1653 522 1874 562 109—132
1937 521 2080 562 Series
2111 521 2280 561 morbo-

418 590 511 618 rum
545 590 644 619 cum
677 582 770 618 suis
802 579 1144 620 medicamentis.

556 639 602 676 A.
642 639 748 675 1609
782 640 905 675 codex
937 645 1016 676 erat
1048 641 1140 677 bibl.
1184 640 1506 686 Rosenbergicae‚
1554 641 1692 676 deinde
1738 639 1964 675 monasterii
2006 638 2281 676 Tiebonensis.

557 749 664 803 228
1244 752 1283 800 I.
1321 752 1378 801 E.
1416 752 1498 800 43.

418 844 561 883 chart.
595 845 635 883 et
663 844 917 885 membran.
948 857 1063 885 saeC.
1095 845 1186 885 XV
1196 845 1258 898 ff
1289 845 1379 885 385
1405 857 1544 893 unm„
1573 845 1630 884 22
1647 844 1766 884 ><15
1793 856 1877 885 cm.
1909 845 1951 885 d.
1975 857 2034 885 m.
2066 843 2118 883 In
2123 842 2282 895 fronte

411 902 562 953 super.
595 902 793 954 operculi
824 903 1012 955 legitur:
1042 902 1261 953 „Postilla
1281 902 1464 954 fratris
1499 902 1681 942 Matz'e.“

554 981 635 1022 Hic
683 984 823 1024 codex
870 984 1090 1024 evidenter
1134 996 1160 1022 a
1206 985 1301 1024 solo
1347 984 1522 1035 ligatore
1573 987 1733 1022 temere
1765 984 2117 1035 conglomeratus
2149 984 2282 1022 conti-

415 1044 489 1079 net
519 1043 747 1092 praecipue
779 1042 1048 1081 diversorum
1081 1041 1255 1081 diversi
1284 1044 1379 1081 aevi
1410 1045 1635 1080 auctorum
1668 1040 1930 1090 Sermones,
1977 1051 2162 1092 quorum
2193 1051 2281 1079 ma-

413 1101 533 1137 xima
564 1109 665 1149 pars
696 1103 908 1150 permixto
940 1102 1106 1151 passim
1137 1103 1257 1140 textu
1289 1101 1419 1139 latino
1451 1110 1551 1138 cum
1569 1099 1798 1138 bohemico
1830 1094 2026 1148 (Kazam'
2053 1097 2283 1138 latinsko-

416 1151 577 1207 ceska)
610 1157 888 1197 solummodo
921 1168 1032 1208 quae
1066 1157 1265 1197 dicuntur
1296 1157 1570 1197 Prothemata
1622 1160 1737 1204 sunt,
1784 1159 1950 1197 incuria
1980 1160 2022 1196 et
2052 1160 2281 1196 auctorum

414 1218 457 1252 et
489 1214 725 1254 scribarum
767 1227 870 1254 vera
916 1219 1111 1254 monstra
1158 1217 1504 1266 manuscriptica.
1567 1213 1703 1254 Cuius
1736 1216 2001 1255 collectionis
2049 1214 2282 1265 particulae

414 1274 554 1321 magis
585 1275 850 1323 conspicuae
882 1273 963 1311 hae
997 1276 1119 1312 sunt:

558 1328 586 1368 f.
626 1329 807 1369 Ιέῑ--ῙΟει
838 1330 1064 1381 Expositio
1096 1330 1313 1382 quaedam
1346 1330 1533 1381 symboli
1564 1332 1682 1369 initio
1715 1330 1874 1369 mutila.

558 1387 585 1426 s.
624 1387 725 1427 183³
756 1387 834 1427 »Et
855 1391 916 1427 sic
949 1393 1016 1427 est
1046 1388 1145 1428 finis
1178 1391 1299 1439 primi
1331 1388 1503 1439 capituli
1534 1386 1677 1432 Ysaie,
1711 1387 1829 1438 quod
1861 1387 2201 1438 predicavitreV.
2218 1388 2283 1425 vir

411 1455 530 1494 mag.
562 1444 814 1485 Mauricius
843 1457 974 1485 sacre
1014 1445 1246 1496 theologie
1285 1445 1527 1495 professor
1572 1444 1619 1484 in
1665 1444 1812 1496 Praga
1857 1445 1913 1484 ad
1960 1444 2004 1484 S.
2053 1443 2279 1484 Crucem«.

415 1500 519 1546 (Sed
553 1505 646 1542 eius
680 1507 896 1543 sermonis
930 1504 1072 1542 solum
1105 1503 1396 1554 fragmentum
1436 1506 1669 1554 superest).

558 1560 585 1599 f.
618 1558 890 1600 3562—3711‘
923 1561 1027 1600 Pars
1059 1562 1392 1600 membranacea
1424 1571 1677 1600 sermonum
1709 1563 1886 1599 exarata
1917 1562 2006 1599 init.
2030 1570 2146 1598 saec.
2169 1557 2280 1598 XIV.

552 1631 603 1667 Ut
634 1636 728 1668 nota
757 1634 796 1667 in
829 1633 1012 1678 operculo
1044 1643 1172 1679 super.
1205 1634 1462 1676 domonstrat,
1510 1634 1634 1668 codex
1679 1632 1846 1677 primum
1878 1630 2104 1667 monasterii
2136 1628 2283 1666 Trebo-

414 1690 562 1735 nensiS,
596 1690 685 1725 dein
716 1690 810 1726 bibl.
843 1690 1163 1736 Rosenbergicae,
1197 1695 1392 1737 postremo
1424 1691 1562 1726 iterum
1595 1690 1820 1725 monasterii
1851 1689 2014 1735 praefati
2044 1688 2127 1725 fuit.

554 1813 660 1866 229
1234 1813 1272 1863 I.
1310 1815 1366 1863 E.
1404 1814 1484 1862 44.

410 1906 557 1946 chart.
590 1918 633 1947 α.
666 1907 783 1947 1435
808 1907 857 1960 ff.
890 1908 989 1957 223,
1019 1908 1072 1947 21
1093 1907 1209 1947 ><14
1245 1920 1328 1948 cm.
1360 1908 1383 1947 I
1417 1920 1476 1946 m.

565 1987 977 2028 »Orationarium«.
1011 1988 1334 2036 (Meditationes
1367 1988 1420 2027 de
1452 1991 1540 2027 vita
1571 1987 1729 2028 Christi
1762 1998 1861 2026 cum
1894 1986 2192 2034 orationibus).

559 2046 584 2086 f.
625 2047 666 2085 la
699 2049 868 2094 (initium
901 2050 1051 2095 deestz)
1086 2049 1307 2085 »intimare
1351 2047 1526 2085 curabo.
1587 2045 1749 2084 Verum
1782 2047 1882 2095 quia
1927 2045 2062 2083 leccio
2099 2045 2280 2083 sanctis-

416 2107 523 2143 sime
554 2107 638 2143 vite
671 2107 765 2142 eius
797 2107 839 2143 in
872 2105 1131 2155 evangeliis«
1160 2136 1167 2142 .
1195 2140 1199 2143 ,
1227 2136 1235 2143 .
1269 2104 1295 2142 s.
1330 2103 1436 2143 223ει
1474 2103 1682 2154 »Explicit
1703 2104 2018 2142 oracionarium
2049 2104 2092 2140 in
2122 2103 2210 2140 vita
2238 2100 2279 2139 d.

415 2174 456 2201 n.
490 2161 594 2200 Jesu
627 2160 784 2202 Christi
817 2162 900 2200 sub
932 2174 969 2200 a.
1004 2162 1044 2201 d.
1081 2160 1190 2202 1435
1222 2161 1295 2201 fer.
1330 2161 1362 2200 II
1395 2164 1591 2212 proxima
1623 2164 1723 2211 post
1752 2159 1972 2199 Trinitatis
2019 2162 2062 2198 in
2104 2157 2274 2210 Owyn·

412 2222 699 2266 (monasterio
732 2218 990 2270 Ojbinensi).

555 2279 756 2325 Operculis
790 2280 960 2324 adligata
990 2284 1082 2314 sunt
1115 2280 1137 2314 3
1171 2279 1210 2315 ff.
1243 2280 1468 2322 membran.‚
1514 2278 1554 2313 in
1586 2278 1727 2323 quibus
1760 2281 1969 2312 occurrunt
2003 2280 2118 2311 notae
2151 2276 2280 2310 calen-

417 2338 735 2382 dariographicae
767 2337 996 2382 incipientes
1019 2338 1067 2372 ab
1100 2348 1134 2372 a.
1173 2336 1293 2374 1455.
1327 2336 1563 2372 Intrinsecus
1597 2336 1769 2381 operculi
1801 2335 1908 2371 infer.
1941 2335 2039 2369 haec
2063 2337 2156 2369 nota
2179 2338 2279 2368 atra·
2339 2345 2342 2347 “

413 2399 545 2430 mento
578 2395 698 2431 oblita
731 2398 900 2430 attamen
932 2395 1158 2440 perspicua:
1199 2394 1331 2429 »Liber
1362 2393 1631 2429 oracionarius
1662 2392 1819 2428 Martini
1862 2393 1909 2427 de
1955 2391 2144 2427 Trziebon
2191 2395 2279 2437 post

412 2456 577 2488 mortem
618 2453 802 2497 religioso
844 2453 926 2487 viro
969 2453 1005 2487 d.
1048 2451 1210 2487 Nicolao
1252 2452 1370 2497 priori
1412 2451 1558 2486 ordinis
1600 2461 1632 2487 s,
1677 2452 1776 2495 Aug.
1811 2451 1850 2484 in
1882 2449 2071 2484 Trziebon
2102 2449 2274 2493 legatur«

416 2515 487 2546 etc.
521 2515 594 2547 etc.
626 2510 673 2545 A.
713 2511 818 2545 1609
852 2511 976 2546 codex
1008 2510 1100 2546 bibl.
1133 2509 1456 2554 Rosenbergicae,
1490 2510 1579 2544 dein
1610 2509 1747 2543 iterum
1781 2518 1886 2544 mon.
1919 2506 2085 2543 Trebon.
2118 2506 2200 2542 fuit.

554 2634 664 2686 230
1238 2633 1277 2682 I.
1314 2633 1370 2681 E.
1408 2632 1489 2681 45.

413 2728 558 2767 chart.
591 2739 706 2767 saec.
738 2724 901 2780 XVff.
932 2726 1031 2776 264,
1060 2726 1296 2766 22><15·5
1322 2738 1405 2765 cm.
1436 2726 1460 2765 1
1495 2737 1554 2765 m.

554 2810 599 2846 In
629 2811 695 2847 fol.
730 2820 809 2846 non
841 2820 991 2846 numer.
1023 2810 1220 2856 praecedit
1254 2810 1496 2854 »Registrum
1537 2808 1789 2854 epistolarum
1822 2811 1858 2842 et
1889 2807 2190 2853 ewangeliorum
2227 2808 2273 2842 de

416 2870 563 2904 sanctis
594 2879 661 2914 per
692 2868 881 2904 circulum
914 2868 1031 2903 anni«
1068 2867 1143 2903 alia
1175 2878 1292 2902 manu
1324 2871 1537 2902 exaratum.

413 2935 531 2986 Mag.
561 2934 790 2976 Johannis
821 2934 921 2974 Hus
953 2934 1145 2974 Postilla
1175 2945 1317 2984 super
1347 2932 1600 2980 ewangelia
1649 2934 1694 2971 et
1725 2924 1947 2981 epistolas
1996 2931 2051 2970 de
2098 2931 2274 2971 sanctis

876 3004 982 3032 cum
1012 2992 1183 3043 glossis
1216 2992 1394 3031 bohem.
1429 2988 1817 3029 interlinearibus.

554 3061 579 3101 f.
619 3062 633 3100 1
676 3060 796 3100 »Non
829 3065 896 3100 est
927 3062 1022 3100 talis
1054 3062 1204 3100 mulier
1245 3071 1379 3111 supra
1409 3063 1588 3099 terram«
1627 3059 1668 3094 ><
1710 3057 1735 3096 s.
1770 3056 1877 3095 256³
1922 3061 1988 3104 (acl
2036 3059 2182 3095 calcem
2215 3069 2279 3094 ru-

414 3122 564 3167 brica:)
600 3119 808 3169 »Explicit
839 3119 1010 3170 postilla
1040 3121 1231 3169 magistri
1277 3117 1373 3157 Hus
1421 3128 1552 3167 super
1592 3115 1830 3165 ewangelia
1876 3118 1917 3152 et
1968 3115 2176 3165 epistolas
2223 3114 2277 3152 de

417 3179 606 3215 sanctis«
655 3175 842 3224 (Nomen
873 3179 1063 3215 auctoris
1095 3187 1268 3215 erasum
1301 3175 1381 3213 sed
1412 3183 1690 3224 nequaquam
1723 3174 1901 3211 omnino
1948 3172 2136 3211 deletum
2178 3174 2277 3218 est).

560 3233 587 3274 f.
620 3233 848 3273 258—264
880 3232 1032 3272 Sermo
1065 3234 1118 3272 de
1151 3245 1211 3272 ss.
1245 3233 1367 3272 Petro
1399 3236 1440 3270 et
1471 3231 1602 3270 Paulo
1634 3232 1695 3278 (in
1726 3228 1813 3268 fine
1833 3232 2019 3280 graviter
2053 3229 2278 3280 reprehen-

416 3292 526 3330 dens
559 3303 716 3342 papam
749 3295 790 3330 et
821 3292 1011 3339 clerum).
1061 3291 1139 3330 »Et
1170 3294 1230 3330 sic
1263 3294 1330 3329 est
1361 3289 1461 3328 finis
1493 3289 1623 3327 huius
1655 3289 1986 3338 prestantissimi
2020 3288 2275 3325 sermonis«

1325 3438 1371 3470 90
