2476 3782
2034 232 2109 266 XIII

233 381 375 411 rarum
395 370 540 411 studia
555 369 756 410 floruisse
775 363 1120 420 perhibentur.2⁰)
1143 368 1188 408 ln
1206 368 1356 408 codice
1374 373 1524 409 nostro
1542 368 1655 409 2625
1677 369 1704 409 f.
1743 367 1946 411 15b-18l’
1978 375 2105 412 etiam

231 426 562 493 antiquissimus
594 437 791 478 eiusdem
835 439 1084 477 monasterii
1133 438 1358 488 catalogus
1399 438 1603 478 librorum
1646 449 1762 478 saec.
1793 439 1890 479 XIV
1921 446 2106 482 exeunte

230 509 490 561 compilatus
521 509 718 548 occurrit.
752 505 968 548 Codicum
1001 509 1166 546 circiter
1201 506 1281 546 180
1302 507 1443 547 eidem
1466 510 1770 558 inscriptorum
1793 512 1984 549 maxima
2006 522 2106 562 pars

232 588 349 621 nunc
378 577 496 629 apud
526 587 610 617 nos
642 579 798 617 exstat.
861 575 966 616 Post
997 578 1308 616 monasterium
1339 573 1625 617 Trebonense
1667 578 1871 629 singulari
1918 590 2107 620 comme-

231 649 469 689 moratione
501 646 679 698 dignum
713 657 814 685 esse
846 644 1018 685 videtur
1047 646 1372 686 celeberrimum
1407 647 1655 686 monialium
1690 647 1780 686 ord.
1815 645 1859 687 S.
1886 647 2106 689 Benedicti

229 715 488 759 coenobium
522 714 579 755 ad
611 713 654 755 S.
688 714 923 767 Georgium
966 717 1010 756 in
1052 718 1196 755 castro
1238 714 1458 766 Pragensi‚
1511 726 1566 755 ex
1598 727 1685 768 quo
1732 718 1852 757 multi
1899 721 1941 757 et
1987 730 2106 769 prae-

233 787 401 828 stantes
422 784 512 824 libri
544 785 724 836 liturgici
755 784 847 834 (56)
879 785 935 824 ad
967 796 1051 825 nos
1083 789 1393 838 pervenerunt;
1426 788 1528 826 item
1560 791 1804 826 conventus
1832 790 2104 829 eremitarum

230 853 589 895 discalceatorum
623 852 666 894 S.
699 854 928 905 Augustini
960 854 1016 894 ad
1050 853 1091 894 S.
1125 853 1454 897 Wenceslaum.
1503 858 1628 894 cuius
1666 857 1864 896 litteraria
1909 859 2106 909 supellex

227 921 454 973 (szlatini
495 922 692 974 codices)
738 925 933 975 inprimis
981 924 1186 964 historiae
1233 927 1393 975 patriae
1442 925 1655 965 studiosis
1703 924 2104 968 commendatur.2⁷›

228 982 329 1047 Quo
360 992 449 1035 fato
479 992 656 1033 codices
687 994 882 1034 nonnulli
913 993 974 1046 (in
1007 993 1170 1047 quibus
1202 996 1567 1045 pretiosissimum
1609 996 1944 1046 evangeliarium
1987 998 2105 1049 quod

227 1061 382 1114 dicitur
403 1058 744 1114 Vysehradense
772 1075 812 1103 n.
847 1062 979 1112 2426)
1010 1074 1065 1102 ex
1092 1063 1351 1103 bibliotheca
1379 1064 1598 1104 seminarii
1625 1066 1811 1116 archiep.
1835 1065 1971 1118 Prag.‚
2004 1070 2104 1107 item

226 1131 372 1174 codex
400 1130 484 1172 202
516 1133 617 1172 olim
650 1131 929 1181 BasileensiS,
962 1135 1063 1173 item
1097 1133 1240 1173 codex
1282 1132 1390 1172 1656
1433 1144 1488 1172 ex
1530 1134 1807 1174 celeberrima
1847 1135 2105 1177 bibliotheca

227 1199 417 1248 Corvina
447 1200 663 1254 (eiusdem
686 1201 908 1254 quondam
942 1202 1140 1242 codicem
1169 1201 1336 1242 1655a.
1366 1201 1473 1243 1802
1496 1202 1529 1243 F
1531 1207 1607 1243 ort.
1633 1203 1794 1244 Durich
1816 1205 1947 1244 nobis
1972 1206 2101 1245 dona-

224 1271 320 1322 vit),
333 1273 376 1311 et
391 1277 489 1311 octo
507 1270 681 1312 codices
699 1271 967 1312 diversarum
991 1271 1272 1312 ecclesiarum
1290 1272 1418 1311 nobis
1436 1272 1676 1324 obtigerint‚
1694 1274 1821 1326 plane
1838 1277 2102 1326 ignoramus.

239 1331 242 1335 ⁴
341 1337 387 1382 Si
419 1340 566 1393 magni
597 1340 800 1393 codicum
833 1340 1039 1389 thesauri,
1082 1352 1212 1393 quem
1254 1342 1512 1393 bibliotheca
1561 1346 1712 1384 nostra
1742 1354 1766 1383 e
1798 1343 1981 1384 diversis
2014 1356 2104 1385 mo-

225 1411 426 1452 nasteriis
457 1413 500 1450 et
529 1409 822 1450 intercedente
854 1409 1126 1452 Clementino
1159 1422 1182 1450 e
1215 1414 1406 1463 pristinis
1437 1412 1730 1452 universitatis
1753 1413 1984 1466 Pragensis
2017 1417 2104 1456 coi-

225 1479 349 1531 legiis
379 1478 624 1523 obtinuerit.
656 1481 866 1520 rationem
898 1480 1128 1528 habemuS,
1161 1483 1475 1521 incrementum
1507 1484 1602 1534 eius
1634 1493 1658 1522 e
1691 1484 1873 1534 singulis
1907 1484 2102 1524 donatio-

228 1546 359 1591 nibus
389 1538 483 1600 (85)
513 1549 684 1589 videtur
728 1560 829 1589 esse
871 1552 1089 1601 exiguum.
1124 1549 1364 1591 Laudanda
1410 1554 1556 1592 tamen
1588 1555 1630 1592 et
1661 1553 1953 1603 praedicanda
2000 1559 2104 1594 sunt

226 1617 336 1660 haec
360 1617 500 1659 dona:
522 1618 620 1659 cod.
645 1617 724 1659 113
742 1617 961 1658 Francisci
993 1629 1105 1659 corn.
1140 1619 1194 1660 de
1226 1619 1445 1664 Kolovrat,
1479 1619 1593 1661 2425
1625 1626 1807 1663 senatus
1827 1622 2103 1664 Vetero-Pra-

224 1689 391 1742 gensis,
423 1686 611 1740 denique
648 1687 930 1728 1427-1436
963 1693 1005 1729 et
1041 1689 1338 1738 1462—1469‚
1381 1701 1494 1742 quos
1526 1690 1704 1731 codices
1734 1695 1799 1732 vir
1828 1693 1958 1733 nobis
1999 1697 2103 1733 ami-

225 1758 432 1810 cissimus
452 1755 677 1797 Johannes
709 1756 897 1806 Peisker,
931 1757 1032 1798 olim
1065 1759 1231 1811 collega
1262 1770 1379 1800 nunc
1411 1771 1446 1800 e.
1481 1771 1512 1799 r.
1546 1759 1833 1802 bibliothecae
1865 1761 2100 1804 Grecensis

225 1829 391 1875 custOS,
437 1826 630 1880 undique
677 1830 949 1879 conquisitos
995 1831 1038 1868 in
1086 1828 1235 1870 forulis
1281 1832 1443 1870 nostris
1490 1841 1721 1882 reponem,
1768 1835 1816 1871 ut
1854 1835 1913 1872 ita
1944 1832 2099 1881 dicam,

226 1897 464 1950 posteritati
496 1898 698 1936 servavit.

369 1963 500 2007 Unde
531 1968 658 2017 igitur
689 1966 867 2006 codices
898 1970 1034 2007 nostri
1067 1968 1183 2009 latini
1214 1972 1503 2020 provenerint,
1546 1970 1693 2022 quoad
1725 1973 1819 2011 eius
1852 1975 1998 2023 potest
2026 1983 2101 2023 ag-

223 2035 364 2084 nosci,
396 2036 603 2077 omnibus
635 2047 769 2088 supra
800 2037 1023 2088 explicatis
1045 2040 1088 2078 in
1111 2049 1246 2079 unum
1270 2039 1462 2080 collectis
1484 2040 1593 2080 haec
1615 2039 1759 2080 brevis
1792 2041 1939 2080 tabula
1961 2041 2099 2082 docet.

225 2101 273 2153 C.
305 2115 336 2148 r.
369 2105 542 2157 publica
562 2109 605 2146 et
625 2109 917 2147 universitatis
950 2106 1182 2158 Pragensis
1215 2108 1486 2158 bibliotheca,
1519 2112 1566 2149 ut
1587 2121 1642 2149 ex
1671 2110 1755 2150 hoc

339 2174 539 2227 catalogo
570 2178 700 2228 patet,
733 2176 933 2227 possidet
962 2176 1119 2217 latinos
1151 2177 1327 2218 codices
1377 2209 1746 2220 ......
1983 2180 2095 2220 2727

222 2242 296 2287 Ex.
321 2243 390 2286 his
421 2249 712 2297 provenerunt
741 2257 768 2285 a
797 2244 975 2286 Jesuitis
1007 2247 1173 2298 collegii
1205 2245 1462 2288 Clementini
1524 2280 1533 2289 .
1596 2281 1606 2289 .
1670 2283 1677 2290 .
1742 2279 1752 2288 .
1819 2250 1927 2291 1165

223 2323 262 2367 a.
280 2311 458 2354 Jesuitis
489 2317 731 2354 ceterorum
762 2315 1043 2366 collegiorum
1086 2347 1749 2360 ..........
1846 2318 1926 2360 148

223 2393 280 2424 ex
309 2377 410 2424 aliis'
436 2386 715 2424 monasteriis
744 2387 900 2435 postea
930 2385 1101 2425 abolitis
1164 2416 1749 2428 .........
1844 2389 1920 2429 731

223 2463 248 2492 e
279 2452 463 2493 diversis
494 2452 764 2493 bibliothecis
796 2457 839 2494 et
869 2455 1068 2495 ecclesiis
1161 2487 1748 2499 .........
1877 2459 1927 2500 18

222 2531 251 2561 a
281 2515 566 2564 donatoribus
648 2554 1748 2570 ................
1870 2529 1926 2570 85

222 2602 268 2633 in
298 2590 558 2633 bibliotheca
587 2596 739 2633 nostra
770 2595 867 2645 ipsa
898 2598 1062 2634 exarat1
1094 2591 1250 2645 suntae)
1304 2627 1748 2639 .......
1868 2598 1925 2638 39

1408 2677 1593 2719 Summa
1623 2680 1705 2719 hac
1768 2711 1778 2720 .
1843 2714 1849 2720 .
1915 2713 1922 2720 .
1986 2680 2098 2721 2186

809 2756 998 2797 deducta
1029 2757 1082 2797 de
1116 2769 1290 2798 summa
1322 2763 1544 2812 superiore
1576 2765 1740 2801 restant
1767 2794 1775 2803 .
1840 2793 1848 2802 .
1914 2795 1920 2802 .
2013 2762 2091 2803 541

366 2865 420 2920 28)
452 2873 508 2912 Cf.
541 2873 583 2912 F.
615 2873 758 2922 Mares,
790 2873 976 2913 Litera'trni
1008 2873 1202 2924 pfisobeni
1233 2874 1405 2916 klas'tera
1426 2879 1718 2927 Trebonskeho,
1747 2870 1836 2920 Cas.
1859 2881 1962 2920 Mus.
1992 2882 2096 2918 1896

224 2939 263 2977 p.
296 2929 538 2970 521—547.
600 2932 679 2969 Cur
708 2933 876 2971 Hanslik
906 2944 1138 2971 enumerans
1181 2940 1418 2974 monasteria
1458 2938 1644 2974 librorum
1675 2940 1905 2975 traditorum
1937 2950 2097 2976 numero

225 2990 263 3023 et
290 2989 530 3035 praestantia
571 2993 787 3038 conspicua
828 2992 872 3039 (l.
906 3002 939 3030 c,
975 2993 1163 3040 81—83)
1195 2999 1231 3030 et
1263 2993 1511 3032 Trebonense
1555 3000 1591 3032 et
1622 2996 1897 3069 Borovanense
1940 2997 2096 3034 silentio

226 3044 450 3094 neglexerit,
482 3048 595 3084 valde
627 3051 822 3086 miramur.

368 3097 422 3150 27)
453 3104 686 3153 Catalogum
731 3109 913 3145 codicum
960 3118 1079 3144 manu
1126 3109 1357 3156 scriptorum
1404 3111 1521 3148 huius
1570 3113 1795 3149 monasterii
1841 3115 1900 3150 ed.
1934 3113 2097 3160 Riegger

225 3159 372 3197 Archiv
402 3160 435 3197 11
465 3163 616 3211 (1793)
647 3176 684 3212 p.
719 3165 856 3202 650—
865 3166 960 3202 661.

368 3211 421 3268 ²⁸)
453 3219 523 3256 Hic
547 3232 730 3259 numerus
753 3228 902 3260 veteres
924 3224 1108 3260 librorum
1133 3229 1354 3269 nostrorum
1378 3227 1579 3273 catalogos
1602 3228 1790 3274 imprimis
1813 3229 2093 3275 complectitur.
