2476 3782
1302 312 1386 353 875

549 447 657 500 875
1047 448 1102 496 V.
1141 449 1208 498 D.
1248 450 1289 498 7.
1327 460 1385 502 (Y.
1412 461 1439 495 J.
1471 462 1504 495 3.
1531 471 1563 494 n.
1588 462 1659 502 88.)

410 542 553 582 chart.
585 552 701 581 saec.
733 539 824 580 XV
850 540 908 583 in.
929 538 993 591 ff
1027 540 1111 581 182
1142 554 1279 593 num„
1309 543 1362 583 31
1383 543 1498 583 ><22
1529 555 1611 583 cm.
1642 544 1671 584 3
1700 556 1758 584 m.

554 622 579 662 f.
619 620 800 662 1⁸¹——82b
831 621 1040 672 Hugonis
1087 621 1163 672 (de
1204 621 1247 664 S.
1289 622 1496 674 Victore)
1537 624 1777 664 Tractatus
1818 624 1873 664 de
1919 623 2270 675 praeparatione

410 680 562 720 cordis
594 679 750 731 (Liber
780 678 1038 730 spiritualis
1070 678 1373 732 disciplinae).
1419 682 1670 733 »Preparate
1712 682 1844 721 corda
1874 685 2045 721 vestra«
2081 683 2124 719 ><
2158 692 2267 734 »que

410 740 451 777 in
492 749 544 777 eo
586 742 627 777 et
671 748 746 789 per
791 748 890 776 eum
932 737 1244 777 habebuntur.«
1289 738 1539 790 Sequuntur
1578 750 1733 778 versus
1776 739 1995 779 rubricati:
2043 738 2271 780 »Caracter

408 798 554 835 animo
587 795 720 846 study
751 798 1000 846 propinatur
1031 798 1194 846 optanti
1240 796 1285 836 In
1317 797 1467 836 codice
1500 797 1637 837 dulci«
1673 801 1750 836 etc.

552 853 579 893 f.
612 850 856 893 832—1291‘
889 851 1087 904 (Nicolai
1131 852 1285 904 Magni
1327 855 1381 894 de
1422 854 1585 906 Javor)
1617 854 1751 894 Liber
1783 855 1838 895 de
1867 854 2014 895 tribus
2046 853 2172 895 votis
2201 865 2269 895 re-

408 909 695 962 ligiosorum.
746 911 934 957 »Amice,
982 911 1216 950 commoda
1257 912 1385 951 michi
1431 916 1517 951 tres
1560 924 1719 963 panes«
1761 913 1802 948 ><
1839 924 1949 964 »pax
1991 916 2199 963 perpetua
2229 915 2271 952 et

410 969 529 1007 salus
561 968 740 1015 infinita,
774 979 905 1019 quam
937 969 1064 1007 nobis
1097 969 1336 1008 concedere
1369 970 1591 1020 dignetur«
1627 974 1705 1009 etc.

553 1037 581 1077 s.
620 1034 890 1078 1302—1331’
926 1037 1196 1089 »Regulacio
1227 1038 1512 1088 prelatorum
1543 1042 1589 1079 et
1620 1039 1851 1079 correccio
1900 1050 2071 1080 eorum.
2132 1038 2277 1079 Vene-'

408 1095 571 1134 randus
614 1095 767 1135 doctor
805 1095 985 1146 Egidius
1030 1098 1073 1135 in
1120 1097 1278 1146 scripto
1326 1107 1432 1135 suo«
1468 1097 1511 1134 ><
1545 1095 1798 1137 »Correccio
1840 1097 1893 1136 de
1935 1097 2067 1137 modo
2097 1097 2271 1137 vivendi

408 1153 668 1203 prelatorum
701 1157 742 1193 et
772 1164 922 1192 eorum
956 1154 1286 1193 substitutorum
1306 1165 1597 1205 compescens
1629 1157 1906 1194 enormitates
1924 1166 2030 1194 suas
2053 1155 2262 1206 explicit«

550 1221 578 1261 f.
617 1221 884 1262 1348-147ει
914 1218 985 1262 Fr.
1016 1222 1143 1262 Adae
1177 1222 1483 1274 Soliloquium
1515 1224 1570 1263 de
1601 1223 1907 1263 instructione
1939 1223 2133 1264 animae.
2159 1222 2271 1263 »Do-

407 1282 534 1319 minis
567 1283 659 1319 suis
703 1280 964 1320 venerandis
992 1312 999 1320 .
1028 1311 1036 1319 .
1063 1311 1072 1319 .
1097 1279 1321 1320 Walthero
1354 1283 1504 1331 priori«
1542 1283 1584 1316 ><
1622 1281 1771 1332 »Expl.
1806 1281 1970 1333 soliloq.
2004 1281 2144 1321 fratris
2174 1281 2270 1321 Ade

408 1338 461 1376 de
493 1340 635 1377 anime
666 1341 995 1378 instruccione.«
1031 1336 1113 1387 (Cf.
1148 1338 1388 1377 Fabricium
1421 1338 1449 1387 Ι,
1489 1338 1550 1386 10,
1584 1341 1654 1391 qui
1676 1342 1897 1378 auctorem
1918 1342 2047 1379 vocat
2067 1339 2270 1379 abbatem

407 1394 509 1435 Loci
541 1398 644 1447 regii
675 1399 717 1435 in
749 1396 937 1447 Anglia.)

550 1465 575 1504 f.
615 1463 880 1505 1471)-161Β
911 1465 1118 1515 (anepigr.)
1159 1465 1396 1516 Anonymi
1441 1464 1650 1515 Epistola
1690 1465 1746 1504 ad
1778 1465 2005 1515 quendam
2037 1465 2269 1516 praedica-

405 1525 555 1562 torem
586 1522 871 1575 Pragensem
902 1523 1009 1562 data
1039 1523 1124 1570 (ed.
1158 1523 1307 1571 Hardt,
1341 1522 1474 1563 Conc.
1509 1521 1658 1563 Const.
1682 1522 1744 1571 ΙΙΙ,
1768 1522 1863 1563 338.
1887 1547 1944 1551 —
1964 1522 2044 1563 Hic
2066 1526 2109 1563 in
2130 1522 2268 1563 fronte
2292 1542 2298 1545 -

406 1591 539 1619 manu
572 1592 686 1620 saec.
720 1580 835 1620 XVII
867 1581 1107 1620 attribuitur
1138 1579 1362 1632 Stephano
1394 1581 1578 1628 Palecz).

550 1649 576 1690 f.
616 1647 884 1689 1622—182b
914 1648 1112 1702 (Nicolai
1152 1650 1207 1689 de
1237 1649 1566 1700 Dinkelspiihl)
1597 1649 1835 1689 Tractatus
1868 1650 1922 1689 de
1944 1649 2268 1690 communione

405 1707 492 1747 sub
523 1710 717 1758 utraque
750 1707 904 1757 specie
936 1710 1099 1747 contra
1141 1707 1361 1747 Hussitas
1393 1707 1544 1747 editus
1576 1707 1626 1747 in
1658 1707 1852 1748 concilio
1901 1707 2266 1748 Constantiensi.

410 1764 628 1805 ›Barones
650 1768 771 1816 regni
793 1765 1001 1804 Bohemie
1024 1768 1305 1804 serenissimo
1332 1797 1340 1805 .
1368 1797 1375 1804 .
1403 1797 1412 1805 .
1439 1764 1720 1816 Sigismundo
1739 1797 1746 1804 .
1768 1797 1776 1805 .
1797 1796 1804 1804 .
1824 1767 2034 1805 miserunt
2054 1766 2264 1805 libellum«

406 1823 450 1860 ><
486 1822 633 1874 »ExpL
681 1826 800 1864 tract.
845 1823 898 1861 de
939 1826 1122 1874 utraque
1169 1825 1313 1874 specie
1358 1826 1508 1862 contra
1547 1822 1754 1863 Hussitas
1785 1823 1927 1862 editus
1959 1834 2035 1873 per
2063 1822 2178 1874 Mag.
2213 1834 2266 1863 ac

406 1880 628 1920 doctorem
660 1883 884 1932 utriusque
914 1882 1018 1919 iuris
1050 1879 1098 1920 N.
1132 1883 1176 1919 in
1209 1879 1476 1921 Constancia
1505 1883 1699 1932 tempore
1732 1881 1939 1920 conciliis

551 1951 742 1999 Operculo
785 1951 1028 1998 adglutinata
1060 1955 1151 1987 sunt
1181 1951 1394 1997 fragmenta
1425 1952 1635 1988 membran.
1670 1952 1818 1988 codicis
1851 1953 2056 1988 cuiusdam
2086 1951 2266 1998 liturgici,

406 2011 511 2045 notis
543 2010 705 2046 musicis
737 2010 930 2055 instructi,
964 2019 1067 2045 saec.
1101 2008 1205 2045 XIV.
1238 2008 1359 2044 Vetus
1392 2010 1491 2055 sign.
1524 2009 1557 2055 J,
1591 2009 1657 2046 63.

543 2121 650 2174 876
1045 2121 1094 2169 V.
1131 2121 1195 2169 D.
1233 2121 1280 2169 8.
1307 2131 1367 2172 (Y.
1393 2132 1421 2164 I.
1445 2133 1478 2164 3.
1505 2142 1539 2164 n.
1552 2132 1624 2174 89.)

405 2215 551 2255 chart.
586 2227 628 2254 α.
675 2214 905 2256 1452—63
942 2214 995 2268 ff.
1025 2215 1114 2255 355
1142 2227 1277 2266 num„
1309 2215 1363 2254 31
1383 2214 1500 2254 ><22
1531 2225 1612 2254 cm.
1646 2214 1687 2254 d.
1720 2226 1779 2254 m.

549 2295 573 2335 f.
614 2294 795 2335 1³2—24b
826 2295 1123 2336 Testamenta
1150 2295 1232 2335 XII
1262 2294 1628 2346 patriarcharum
1660 2295 1707 2346 (a
1727 2294 1928 2335 Roberto
1950 2293 2267 2335 Lincolniensi

402 2353 660 2404 translata).
689 2353 767 2393 »Et
789 2357 926 2405 primo
949 2357 1257 2393 testamentum
1281 2353 1444 2393 Ruben.
1468 2352 1793 2404 Transcriptum
1817 2355 2061 2391 testamenti
2084 2351 2262 2392 Rubem

404 2411 447 2448 ><
483 2412 670 2451 »scilicet
701 2423 776 2462 per
807 2423 966 2451 manus
997 2410 1158 2462 Moysi.
1192 2411 1455 2450 Benedictus
1487 2410 1596 2450 deus
1627 2413 1670 2450 in
1703 2421 1815 2449 sec«

546 2469 572 2508 f.
606 2467 822 2508 252—341’
873 2469 966 2508 »Ad
1011 2469 1222 2508 honorem
1265 2468 1334 2507 dei
1376 2472 1418 2508 et
1458 2468 1574 2508 dom.
1607 2480 1646 2507 n.
1679 2467 1714 2507 J.
1749 2466 1848 2507 Chr.
1881 2470 2028 2518 incipit
2057 2466 2266 2508 Historia

405 2526 582 2577 Joseph
621 2527 850 2567 translata
891 2527 946 2566 de
987 2526 1169 2567 arabico
1216 2537 1298 2576 per
1339 2525 1391 2565 fr.
1433 2525 1727 2576 Alphonsum
1759 2526 1814 2565 de
1844 2524 2082 2575 Hispania,
2131 2535 2263 2576 quam

404 2587 575 2635 scripsit
614 2587 656 2624 in
697 2585 868 2636 Egypto
911 2587 1104 2624 existens
1151 2587 1193 2623 in
1236 2595 1406 2623 carcere
1438 2583 1617 2622 Zoldani
1649 2595 1684 2622 a.
1720 2583 1759 2622 d.
1799 2582 1919 2622 1336.
1952 2582 2087 2622 Jacob
2118 2586 2261 2622 autem

406 2642 579 2681 habuit«
615 2643 659 2680 ><
695 2645 762 2682 »in
794 2653 881 2694 quo
913 2642 1035 2682 solus
1066 2642 1230 2692 Joseph
1262 2642 1511 2680 vehebatur.
1545 2639 1699 2681 Cetera
1721 2643 1867 2691 patent
1889 2643 1931 2679 in
1954 2640 2119 2680 biblia«

546 2700 572 2740 f.
606 2699 683 2739 34³
696 2702 795 2749 (sic)
813 2696 949 2739 —38b
979 2699 1029 2739 B.
1060 2699 1282 2739 Bernardi
1312 2698 1552 2738 Tractatus
1583 2697 1920 2738 admonitorius
1952 2698 2010 2737 ad
2032 2698 2262 2748 quandam

402 2757 698 2797 abbatissam.
746 2757 864 2797 »Tue
897 2768 985 2796 non
1017 2760 1245 2796 immemor
1275 2758 1525 2807 peticionis«
1561 2756 1604 2793 ><
1639 2755 1772 2795 »infra
1803 2766 1968 2806 paucos
2001 2755 2095 2794 dies
2126 2755 2265 2806 potuit

403 2818 647 2866 promereri.
696 2815 759 2855 Ba
800 2816 905 2867 mily
948 2815 1236 2854 brachaczku.
1279 2813 1351 2854 Sic
1396 2814 1496 2853 finis
1537 2813 1718 2852 habetur
1763 2813 1892 2852 huius
1935 2813 2158 2861 tractatuli,
2190 2814 2263 2863 qui

403 2875 588 2923 scriptus
621 2876 688 2912 est
719 2885 794 2924 per
814 2885 883 2912 me
904 2872 1167 2913 Johannem
1198 2870 1527 2923 (sacerdotem)
1549 2870 1787 2921 indignum
1810 2872 1864 2910 de
1887 2869 2137 2910 Lueawecz
2165 2869 2263 2920 ple-

402 2930 572 2969 banum
598 2963 605 2970 .
634 2962 642 2970 .
670 2962 679 2970 .
704 2930 753 2970 in
774 2931 1080 2971 Ssiebierzow
1110 2934 1152 2969 et
1183 2933 1249 2970 est
1278 2929 1426 2969 finitus
1457 2928 1531 2968 fer.
1563 2927 1618 2968 VI
1649 2932 1747 2968 ante
1770 2927 2121 2979 purificacionem
2143 2927 2184 2966 b.
2201 2926 2261 2967 M.

406 2998 445 3026 a·
479 2988 517 3027 d·
547 2987 816 3085 {435325212
847 3045 1010 3086 Jacobi
1039 3045 1095 3085 de
1127 3044 1335 3085 Cessolis
1366 3043 1500 3084 Liber
1531 3043 1585 3082 de
1615 3042 1724 3082 ludo
1771 3044 2088 3082 scacchorum.
2143 3040 2261 3092 »Ego

403 3101 451 3140 fr.
484 3102 675 3142 Jacobus
708 3103 761 3142 de
794 3102 1013 3143 Cessolis‹
1050 3104 1093 3139 ><
1129 3105 1284 3141 »vitam
1326 3104 1463 3140 mutat
1493 3104 1534 3140 et
1565 3111 1721 3139 mores,
1755 3100 1818 3139 Ba
1849 3100 2128 3150 buopomozy
2158 3100 2262 3150 mily

403 3160 564 3210 batiku,
597 3158 686 3199 z‘ies
718 3161 790 3200 tak
823 3161 980 3212 mudry
1012 3160 1095 3211 byl.
1129 3160 1250 3211 Expl.
1285 3162 1491 3198 tractatus
1523 3168 1749 3197 scacorum
1783 3157 1924 3196 editus
1947 3169 2021 3208 per
2042 3156 2259 3208 quendam

402 3217 450 3255 fr.
483 3217 708 3266 Jacobum‚
757 3221 943 3268 scriptus
990 3221 1134 3256 autem
1181 3229 1256 3268 per
1297 3227 1365 3255 me
1405 3215 1669 3256 ,Iohannem
1710 3216 1765 3254 de
1813 3214 2075 3264 Lucawecz,
2114 3212 2260 3253 filium

401 3275 665 3314 XVenceslai
697 3276 752 3315 de
783 3274 1160 3326 Krzywsaudow‚
1194 3274 1463 3314 sacerdotem
1486 3273 1722 3324 indignum.
1746 3271 1992 3323 plebanum
2012 3275 2124 3312 tunc
2143 3274 2257 3312 tem-

1299 3419 1366 3453 358
