2476 3782
1140 273 1186 312 31

371 414 399 454 f.
432 413 674 454 217-246,
706 412 957 458 Lutherus‚
1001 415 1128 452 secta
1168 411 1270 462 ejus
1301 414 1348 451 et
1387 410 1722 461 praedicantes
1784 411 2004 463 (Carmina
2044 417 2103 453 in-

227 475 400 514 vectiva
429 475 471 512 in
504 471 738 511 Lutherum
772 472 961 509 auctoris
993 472 1214 520 anonymi,
1259 479 1445 520 quorum
1488 471 1605 507 initio
1647 469 1755 508 haec
1788 473 1891 508 nota
1922 474 2104 511 occurrit

227 533 270 571 in
305 533 520 582 margine:
551 529 674 569 Ausz
706 528 806 567 dem
833 527 1039 567 unsterbl.
1073 526 1233 566 Luther
1253 537 1464 577 gezogen.
1499 526 1704 577 Impress.
1737 525 1932 566 Viennae
1961 528 2100 580 1699).

335 638 338 641 .
369 596 454 639 Tit.
487 597 584 638 cod.
617 598 644 637 b
675 597 790 636 idem
823 600 890 636 est
920 600 1049 647 atque
1082 598 1246 647 prioriS‚
1277 601 1318 635 et
1357 595 1528 635 videtur
1569 598 1788 634 continere
1821 596 1963 636 codex
1995 609 2095 648 sup-

226 657 491 709 plementum
523 658 708 707 primum
740 651 1004 708 (secundum
1036 665 1085 693 v:
1118 653 1146 693 I.
1181 654 1231 692 A.
1271 652 1338 703 17)
1361 695 1366 699 ,
1387 652 1678 704 praefatorum
1721 653 2091 703 Fragmentorum.

317 750 322 755 ·
369 727 428 765 Cf.
474 727 631 764 codices
677 726 779 773 sign.
810 725 839 762 I.
871 725 919 762 A.
957 726 1020 762 18.
1044 725 1086 761 ,8ι
1118 725 1199 770 20„
1244 726 1337 761 item
1382 724 1525 760 librum
1573 725 1749 760 eiusdem
1797 726 1969 762 auctoris
2017 729 2091 763 sub

223 786 360 822 eodem
390 785 504 823 titulo
535 785 680 831 Pragae
716 782 822 821 1747
856 784 961 830 typis
992 785 1152 829 editum,
1195 784 1261 829 qui
1293 786 1424 818 tamen
1457 792 1546 818 cum
1579 784 1667 819 cod.
1702 785 1846 819 nostris
1894 794 1966 820 ms.
2014 796 2093 821 non

222 844 383 880 omnino
413 843 640 879 concordat.
674 841 842 878 Codices
874 842 1008 877 donati
1041 843 1090 877 ab
1123 846 1281 876 auctore
1314 851 1349 877 a.
1388 840 1494 876 1766
1529 840 1790 876 bibliothecae
1824 841 1978 888 collegii
2010 842 2049 879 S.
2074 843 2094 878 J

221 900 508 948 Neo-Pragensi
541 902 588 937 ad
621 899 660 937 S.
692 899 900 946 Ignatium.

360 1023 433 1078 28
993 1023 995 1025 ’
1016 1022 1055 1072 Ι.
1104 1022 1165 1071 A.
1202 1021 1286 1071 20.

225 1118 367 1159 chart.
400 1119 580 1171 autogr.
610 1129 727 1158 saec.
759 1116 812 1157 Χ
822 1116 927 1158 VIII
935 1116 996 1171 ff.
1028 1116 1118 1156 255
1145 1127 1268 1156 num.
1299 1115 1486 1156 34><21
1520 1127 1603 1155 cm.

217 1256 323 1299 Bari
357 1198 624 1307 ·›A§›pendix
655 1198 712 1237 ad
753 1197 1032 1249 Fragmenta
1081 1196 1350 1248 poetarum«
1403 1196 1596 1249 (auctore
1639 1197 1848 1248 Josepho
1896 1198 2094 1239 Ernesto

327 1267 430 1298 sien
453 1288 462 1298 .

362 1328 595 1375 Fragmenta
640 1331 840 1374 poetarum
887 1330 1045 1363 auctore
1092 1326 1125 1364 J.
1155 1326 1201 1363 E.
1234 1326 1413 1363 Barisien
1459 1337 1504 1363 v:
1548 1326 1576 1363 I.
1620 1327 1667 1363 A.
1706 1327 1770 1364 18.
1815 1327 1847 1363 8(
1885 1328 1947 1365 19.
1981 1333 2018 1364 et
2050 1331 2098 1365 ad

221 1388 360 1423 eadem
391 1386 712 1433 Supplementum
744 1387 961 1421 secundum
993 1385 1021 1421 I.
1054 1385 1101 1421 A.
1141 1386 1203 1423 17.
1236 1384 1293 1421 Cf.
1327 1386 1443 1420 etiam
1474 1385 1615 1420 librum
1664 1396 1698 1422 a.
1738 1386 1844 1422 1747
1880 1387 1929 1421 ab
1961 1389 2097 1423 eodem

221 1444 328 1492 typis
360 1445 507 1481 editum
538 1443 696 1490 Pragae.
727 1443 995 1479 Bibliothecae
1027 1443 1183 1489 collegii
1215 1442 1254 1479 S.
1280 1442 1321 1479 J.
1355 1442 1602 1489 Neo-Pragae
1637 1445 1686 1479 ad
1719 1443 1759 1480 S.
1792 1443 1988 1490 Ignatium
2027 1445 2100 1491 (si-

224 1505 292 1540 cut
322 1503 480 1539 codices
510 1503 787 1549 praecedentes
820 1506 857 1537 et
888 1502 1173 1547 subsequentes
1203 1501 1369 1537 donavit
1408 1502 1575 1547 auctor).

362 1626 432 1680 29
1018 1624 1058 1674 I.
1096 1624 1159 1674 A.
1196 1625 1277 1673 2I.

217 1720 358 1762 chart.
390 1721 570 1773 autogr.
603 1730 647 1759 a.
679 1718 794 1759 1754
811 1717 873 1772 ff
906 1719 993 1759 116
1022 1731 1144 1759 num.
1178 1719 1296 1760 35><
1312 1719 1369 1759 22
1399 1731 1480 1759 cm.

363 1803 537 1850 (Titulus
569 1802 641 1849 I.:)
673 1799 879 1840 Lexicon
909 1799 1188 1852 Theologiae
1219 1800 1423 1849 Moralis,
1472 1799 1640 1841 Omnes
1673 1801 1760 1840 fere
1795 1800 2096 1847 Definitiones.

216 1858 465 1900 Divisiones
512 1863 554 1899 et
595 1857 928 1899 Subdivisiones
970 1861 1030 1898 uti
1072 1862 1114 1898 et
1145 1859 1362 1910 quasdam
1394 1858 1508 1898 Juris
1541 1858 1751 1899 Canonici
1783 1861 2095 1911 complectens

214 1917 489 1970 alphabetico
521 1917 670 1957 ordine
703 1920 996 1967 congestum.
1022 1948 1030 1956 .
1057 1949 1065 1956 .
1099 1920 1397 1969 conscriptum
1429 1929 1455 1956 a
1494 1916 1703 1968 Josepho
1735 1917 1937 1958 Ernesto
1970 1918 2097 1958 Bari-

215 1974 331 2016 sien.
363 1974 526 2026 Pragae
564 1974 685 2014 1742.
719 1973 784 2014 De
816 1985 933 2014 novo
967 1974 1233 2026 descriptum
1273 1975 1395 2015 1754.

360 2046 452 2094 (Tit.
484 2046 561 2094 112)
592 2043 894 2084 Definitorium
925 2043 1193 2095 Theologiae
1226 2044 1403 2084 Moralis
1436 2049 1518 2085 etc.

358 2117 420 2153 Ab
462 2120 619 2153 auctore
663 2127 697 2152 a.
736 2116 843 2152 1766
877 2117 1011 2152 donat.
1045 2116 1304 2153 bibliothecae
1346 2117 1500 2163 collegii
1534 2116 1573 2154 S.
1607 2117 1639 2153 J.
1673 2116 1782 2163 Prag.
1818 2119 1869 2152 ad
1904 2117 1942 2154 S.
1977 2117 2089 2164 Igna-

213 2175 330 2214 tium.

353 2286 428 2340 3⁰
1016 2286 1052 2336 I.
1092 2286 1152 2336 A.
1191 2287 1273 2336 22.

215 2380 360 2422 chart.
392 2382 573 2433 autogr.
607 2380 787 2421 ιι.1762
817 2382 1035 2421 exaratus
1050 2381 1112 2435 ff
1145 2381 1215 2421 62.
1249 2393 1372 2422 num.
1403 2382 1465 2422 35
1480 2382 1596 2422 ><22
1627 2394 1712 2422 cm.

361 2461 530 2502 »Index
558 2461 835 2502 universalis
866 2460 916 2500 in
961 2461 1164 2513 quinque
1190 2461 1441 2502 Volumina
1471 2465 1514 2502 in
1547 2462 1649 2503 folio
1680 2462 2091 2504 Miscellaneorum

213 2530 238 2561 e
268 2519 413 2561 variis
443 2519 699 2560 Autoribus
731 2520 1034 2561 collectorum
1065 2520 1227 2560 Autore
1259 2520 1294 2560 J.
1327 2520 1376 2560 E.
1409 2520 1456 2560 B.
1515 2520 1740 2572 (Josepho
1772 2521 1972 2562 Ernesto
2006 2521 2089 2561 Ba-

212 2577 390 2629 risien).
422 2577 584 2630 Pragae
615 2590 654 2618 a.
693 2578 840 2618 1762«
876 2576 1042 2628 ‹Item):
1079 2578 1241 2618 »Index
1271 2578 1304 2618 II
1337 2577 1650 2619 Gnomarurn.<‹

355 2649 610 2686 Miscellanea
649 2651 736 2697 ipsa
779 2661 825 2686 v:
873 2650 958 2687 XV.
1001 2650 1044 2687 B.
1083 2651 1117 2687 1.
1150 2650 1211 2686 Ab
1244 2654 1403 2686 auctore
1435 2662 1473 2687 a.
1527 2651 1633 2687 1766
1666 2653 1798 2687 donat.
1833 2651 2090 2687 bibliothecae

213 2707 367 2754 collegii
399 2707 439 2744 S.
472 2707 505 2745 J.
538 2707 682 2754 Pragae
715 2709 764 2744 ad
797 2708 837 2745 S.
869 2709 1077 2756 Ignatium.

352 2830 406 2884 31
1016 2832 1054 2881 I.
1093 2832 1154 2882 A.
1192 2833 1272 2882 23.

212 2922 356 2964 chart.
390 2926 570 2978 autogr.
601 2936 645 2965 α.
678 2925 868 2980 1753ff.
900 2925 958 2966 40
988 2938 1109 2966 num.
1138 2926 1336 2977 35><21
1370 2938 1453 2966 cm.

355 3004 524 3046 »Index
553 3004 836 3045 universalis
867 3005 915 3045 in
947 3006 1039 3046 duo
1071 3005 1405 3058 Supplementa
1447 3006 1855 3048 Miscellaneorum
1887 3018 1912 3047 e
1944 3007 2086 3047 variis

211 3061 466 3159 Autggigus
511 3063 814 3104 collectorum
858 3063 1022 3104 Autore
1047 3063 1083 3104 J.
1110 3064 1158 3105 E.
1187 3064 1234 3105 B.
1269 3063 1501 3119 (Josepho
1532 3065 1639 3106 Ern.
1661 3064 1904 3117 Barisien.)
1926 3065 2086 3116 Pragae

212 3130 251 3159 a.
402 3137 437 3160 .«

350 3190 628 3238 supplementa
670 3193 757 3239 ipsa
796 3203 841 3229 v:
877 3192 964 3230 XV.
996 3193 1040 3229 B.
1079 3195 1112 3230 1.
1156 3194 1216 3230 Ab
1251 3199 1409 3231 auctore
1442 3205 1478 3231 a.
1518 3194 1624 3230 1766
1657 3196 1790 3231 donat.
1825 3194 2083 3230 bibliothecae

212 3248 365 3294 collegii
397 3247 438 3286 S.
469 3249 503 3286 J.
535 3249 780 3297 Neo-Pragae
813 3252 861 3286 ad
894 3250 934 3287 S.
966 3250 1174 3297 Ignatium.
