2476 3782
1153 229 1237 269 298

256 372 377 407 currit
408 382 549 408 nomen
581 372 825 418 possessoris
859 371 1078 407 »Johannis
1118 372 1166 407 de
1198 369 1444 416 Nepomuk«,
1490 370 1596 416 quod
1629 369 1811 405 monachi
1843 367 2128 413 Trebonenses,

258 428 402 475 quibus
435 431 561 466 codex
592 434 730 476 postea
761 429 911 475 obtigit,
945 429 1101 475 propria
1141 438 1260 463 manu
1307 438 1339 465 s,
1387 427 1578 463 Johannis
1624 426 1890 474 Nepomuceni
1937 426 2125 472 scriptum

259 495 346 522 esse
377 486 439 533 pie
471 492 825 534 praesumpserunt,
858 491 900 522 ut
934 487 1059 522 docet·
1080 486 1216 522 titulus
1249 486 1492 522 extrinsecus
1524 485 1706 531 operculo
1740 484 2021 530 adglutinatus.

401 598 506 655 296
1077 597 1115 646 Ι.
1156 597 1215 646 G.
1253 597 1334 647 20.

259 692 406 732 chart.
437 704 480 732 a.
511 691 630 732 1725
640 691 704 745 ff.
735 691 825 732 155
855 688 1109 744 (20÷265
1128 690 1255 744 pag.)
1297 703 1436 739 uum„
1467 690 1580 731 20><
1596 691 1657 731 15
1683 702 1767 731 cm.
1798 691 1822 730 1
1857 703 1916 731 m.
1963 688 2135 741 Magna

252 750 372 802 pars
401 750 523 790 tituli
550 750 705 790 evulsa
735 751 811 798 est,
844 749 929 790 sed·
955 750 1058 789 cu'm
1091 749 1412 789 characterum
1443 748 1633 800 vestigia
1664 749 1710 789 iu
1728 748 1850 800 folio
1874 748 2134 801 praeligato

261 807 444 848 inversa
472 807 707 860 supersint,
727 806 876 858 facile
906 807 1165 847 restituitur
1194 809 1233 846 et
1264 809 1326 847 est
1357 807 1454 847 hic.-

401 887 528 928 Liber
557 887 648 928 XII.
682 890 981 940 complectens
1014 891 1220 940 copiosas
1253 887 1565 940 Quaestiones
1612 899 1665 929 ac
1696 888 1897 939 desuper
1941 886 2132 927 Resolu-

259 945 417 987 tiones
439 977 453 986 .
474 977 483 986 .
507 975 519 986 .
550 949 737 997 patrum
767 946 1053 998 generalium
1084 957 1137 986 ac
1168 945 1468 986 visitatorum
1499 946 1722 986 collectus
1768 957 1822 986 ac
1853 945 1999 986 altera
2028 945 2132 986 vice

259 1003 525 1055 descriptus
557 1015 642 1055 per
670 1003 716 1045 F.
750 1004 972 1045 Carolum
1002 1000 1215 1044 Piseczki
1245 1003 1477 1045 cartusiae
1502 1004 1818 1045 Waldicensis
1850 1003 2132 1055 professum.

398 1072 426 1113 f.
459 1070 508 1112 3b
539 1076 598 1122 (in
629 1076 704 1111 fine
735 1077 987 1123 praefationis
1020 1077 1069 1111 ad
1112 1076 1327 1112 confratres
1369 1076 1634 1122 cartusianos)
1685 1072 1874 1124 »Scripsi
1917 1085 1956 1115 a.
2008 1070 2131 1117 1725,

258 1141 349 1182 quo
379 1142 497 1170 anno
527 1134 570 1171 in
603 1132 752 1172 charta
782 1133 955 1184 capituli
985 1132 1200 1183 generalis
1234 1132 1489 1172 mandatum
1511 1131 1610 1171 fuit:
1645 1131 1695 1171 D.
1720 1130 1905 1172 Carolus
1933 1128 2129 1170 Piseczki

262 1190 449 1228 vicarius
480 1190 614 1229 vadat
644 1190 700 1229 ad
733 1190 915 1230 domum
947 1189 1241 1232 Gidlensem.<‹

400 1259 536 1297 Codex
568 1261 632 1297 hic
663 1272 751 1297 cum
784 1265 983 1308 sequente,
1015 1271 1093 1307 quo
1124 1262 1222 1297 liber
1252 1261 1298 1300 II.
1332 1263 1565 1306 continetur,
1599 1266 1636 1297 et
1667 1272 1756 1297 cum
1785 1262 1872 1298 cod.
1896 1259 1980 1298 XII.
2004 1260 2051 1298 D.
2081 1261 2128 1297 17

256 1319 311 1354 ad
342 1319 540 1365 quandam
582 1319 852 1356 collectionem
885 1319 1070 1356 maiorem
1102 1324 1293 1366 spectant,
1326 1330 1441 1366 quem
1473 1319 1561 1357 Car.
1595 1318 1762 1366 Pisecky
1792 1329 1861 1365 pro
1885 1318 2129 1354 Cartusianis

260 1376 440 1414 confecit.

401 1489 506 1542 297
1086 1490 1125 1540 Ι.
1168 1491 1226 1539 G.
1263 1489 1346 1538 21.

256 1581 408 1623 chart.
440 1594 484 1623 a.
516 1582 806 1624 1706—1718
820 1583 884 1637 ff.
916 1583 1004 1624 158
1034 1583 1254 1639 (fii-302
1276 1583 1364 1636 pp),
1397 1584 1630 1625 19·5><16
1659 1596 1742 1625 cm.
1774 1583 1797 1624 1
1833 1597 1893 1625 m.

408 1663 562 1704 »Liber
591 1664 649 1704 11*
681 1666 978 1717 complectens
1010 1670 1155 1717 partes
1198 1665 1444 1706 sex—Pars
1484 1665 1512 1706 I.
1544 1665 1757 1717 Epistola
1797 1671 1844 1707 et
1884 1666 2133 1707 instructio

260 1732 346 1774 pro
378 1721 571 1762 novitiis
603 1723 701 1763 ord.
733 1722 856 1764 Cart.
904 1724 1100 1764 authore
1129 1723 1332 1764 Henrico
1364 1724 1419 1764 de
1451 1723 1714 1764 Cosvaldia.
1758 1724 1861 1764 Pars
1892 1724 1938 1766 ΙΙ.
1982 1724 2134 1776 Colly-

262 1779 384 1820 rium
414 1779 707 1821 instabilium
735 1783 931 1822 authore
961 1782 1211 1822 Ambrosio
1242 1782 1386 1822 Maes.
1414 1782 1518 1822 Pars
1549 1782 1612 1823 III.
1645 1782 1862 1834 Excerpta
1893 1794 1948 1822 ex
1981 1795 2134 1822 manu-

264 1840 435 1890 scriptis
481 1839 632 1878 libellis
684 1839 738 1878 de
790 1840 1033 1880 stabilitatis
1084 1843 1128 1880 in
1160 1841 1292 1880 domo
1335 1840 1622 1892 professionis
1669 1844 1861 1881 materia.
1924 1841 2028 1880 Pars
2061 1840 2130 1881 IV.

254 1895 469 1947 Torpedo
499 1896 862 1938 christianorum
893 1897 1300 1949 impoenitentium
1331 1900 1525 1939 authore
1555 1898 1750 1939 Matthia
1778 1898 1982 1940 Mittner.
2029 1899 2134 1938 Pars

261 1953 313 1997 V.
345 1954 596 2006 Speculum
625 1955 882 1996 modestiae
914 1955 1221 1997 Cartusianae
1253 1957 1447 1997 authore
1478 1956 1655 1997 eodem.
1683 1957 1787 1996 Pars
1804 1956 1872 1999 VI.
1904 1956 2135 2005 Excerpta

258 2023 324 2053 -ex
353 2012 604 2053 Academia
635 2012 919 2054 Cartusiana
949 2015 1144 2054 authore
1176 2015 1341 2055 eodem
1378 2038 1420 2042 —
1459 2015 1666 2054 collectus
1699 2019 1741 2054 et
1772 2018 1958 2066 scriptus
1981 2019 2133 2067 partim

265 2069 462 2110 Gemnici
493 2074 647 2122 partim
678 2071 879 2111 Waldicii
906 2104 914 2111 .
943 2104 950 2111 .
979 2105 986 2113 .
1014 2084 1090 2124 per
1119 2072 1164 2112 F.
1200 2072 1420 2113 Carolum
1449 2069 1661 2113 Piseczki
1682 2073 1800 2122 (finis
1823 2074 1928 2113 tituli
1954 2074 2134 2113 evulsus

259 2130 363 2178 est).
396 2128 521 2176 (Pars
552 2129 579 2171 Ι.
612 2128 734 2169 finita
765 2129 962 2170 Gemnici
994 2130 1033 2172 8.
1063 2131 1139 2182 jul.
1179 2130 1300 2174 1706,
1334 2143 1434 2182 pars
1467 2131 1512 2171 Π.
1546 2131 1706 2171 ibidem
1757 2131 1819 2173 15.
1863 2131 1956 2172 dec.
2011 2131 2132 2180 1706,

265 2197 366 2238 pars
397 2185 466 2227 IV.
505 2186 568 2227 17.
602 2191 724 2227 mart.
763 2188 870 2228 1712
903 2188 1115 2237 Waldicii,
1149 2200 1249 2240 pars
1281 2188 1331 2228 V.
1365 2189 1524 2228 ibidem
1562 2190 1596 2229 1.
1630 2201 1717 2241 apr.
1767 2189 1888 2239 1712,
1930 2189 1999 2232 VI.
2033 2201 2134 2242 pars

258 2242 462 2284 -Gemnici
494 2244 563 2287 28.
595 2257 685 2297 apr.
723 2245 865 2295 1708.)

403 2313 431 2355 f.
469 2313 694 2354 136—158
725 2314 1025 2356 Ordinarium
1056 2327 1141 2356 seu
1172 2316 1323 2356 forma
1352 2328 1437 2368 pro
1478 2317 1680 2368 capitulo
1721 2317 1927 2368 generali
1958 2316 2134 2357 ordinis

264 2369 585 2412 Cartusiensis
619 2403 628 2412 .
663 2404 670 2411 .
706 2405 714 2412 .
748 2373 1033 2424 descriptum
1063 2385 1091 2414 a
1120 2374 1166 2415 F.
1200 2374 1368 2415 Carolo
1399 2374 1610 2415 Piseczki
1640 2378 1849 2414 vicarium
1882 2378 1924 2415 in
1947 2378 2135 2415 cartusia

266 2428 459 2468 Paradisi
491 2430 531 2471 b.
563 2429 615 2470 V.
647 2430 705 2471 M.
738 2443 873 2483 prope
906 2431 1163 2472 Dantiscum
1196 2444 1276 2472 seu
1308 2432 1539 2473 Gedanum
1572 2445 1610 2475 a.
1646 2431 1769 2482 1718,
1803 2444 1903 2473 cum
1936 2434 2134 2484 catalogo

246 2489 585 2538 ⁴provinciarum
618 2493 660 2528 et
691 2489 923 2529 domorum
956 2490 1047 2529 ord.
1081 2489 1377 2531 Cartusiensis
1418 2494 1638 2531 annotatis
1679 2494 1807 2531 annis
1850 2491 2132 2531 fundationis,

403 2558 448 2595 In
478 2559 544 2597 fol.
577 2561 761 2608 operculo
793 2572 923 2608 super.
958 2562 1129 2608 adligato
1162 2564 1291 2599 scriba
1313 2564 1579 2610 necrologium
1606 2564 1863 2600 celebriorum
1885 2565 2132 2610 quorundam

260 2615 589 2654 Cartusianorum
620 2620 865 2666 conscripsit.
898 2620 1011 2656 Initio
1044 2622 1142 2667 part.
1175 2620 1202 2657 I.
1255 2622 1427 2667 adligata
1458 2626 1516 2657 est
1548 2622 1703 2667 sculpta
1748 2623 1878 2667 imago
1934 2621 2130 2657 cartusiae

260 2673 698 2722 Gertrudenbergensis.
730 2678 764 2724 '‘)
787 2677 1039 2714 Collectionis
1081 2679 1197 2714 huius
1238 2680 1380 2716 librum
1411 2679 1459 2717 X.
1494 2689 1537 2716 v:
1570 2679 1653 2716 XII.
1687 2679 1731 2716 D.
1772 2680 1834 2716 17.
1870 2679 2128 2715 Collectionis

266 2732 382 2768 huius
412 2733 552 2769 librum
583 2733 667 2771 XII.
699 2746 743 2771 v:
777 2735 805 2773 1.
829 2735 874 2773 G.
911 2737 976 2773 20.
1008 2735 1067 2771 Ex
1099 2738 1270 2773 cartusia
1301 2738 1545 2774 Waldicensi
1577 2738 1642 2784 (?).

405 2856 514 2909 298
1094 2862 1133 2910 Ι.
1174 2862 1233 2910 G.
1271 2862 1352 2910 22.

263 2950 414 2990 chart.
445 2961 559 2991 saec.
591 2950 682 2991 XV
699 2952 754 3006 ff
785 2953 867 2994 101
903 2966 1038 3006 num„
1069 2956 1306 2996 21·5><15
1334 2969 1418 2997 cm.
1449 2957 1472 2997 1
1508 2969 1567 2996 uz.

407 3030 656 3072 Sermones
698 3033 817 3074 varii
858 3035 930 3082 (de
974 3035 1253 3076 confessione
1295 3043 1337 3076 et
1377 3041 1652 3089 poenitentia,
1697 3049 1774 3089 pro
1817 3037 2047 3085 defunctis,
2082 3038 2134 3077 de

269 3098 397 3127 sacro
430 3090 546 3128 cultu
578 3089 743 3130 dierum
776 3091 1000 3139 festorum,
1035 3094 1089 3133 de
1122 3098 1381 3146 purgatorio,
1415 3095 1469 3135 de
1491 3096 1760 3135 honorandis
1784 3096 2048 3147 parentibus,
2082 3096 2135 3135 de

269 3147 586 3186 immortalitate
618 3150 801 3196 animae,
835 3161 911 3201 pro
944 3151 1162 3191 defunctis
1203 3156 1283 3192 ete.
1317 3157 1396 3194 ete.
1457 3177 1514 3181 —
1574 3152 1798 3205 Opuseula
1839 3154 1947 3193 haec
1991 3156 2135 3205 potius

271 3205 524 3243 tractatulos
557 3216 687 3257 quam
721 3218 952 3248 sermones
986 3209 1185 3259 diceres).

1176 3359 1234 3391 131
1964 3353 1998 3386 9·
