2476 3782
1070 270 1155 311 269

318 412 347 454 f.
380 409 656 453 26112-39011
704 410 918 451 »Libellus
961 413 1112 450 noster
1157 409 1386 449 declarans
1427 410 1606 450 morbos
1648 413 1689 450 in
1731 422 1888 462 genere
1936 416 1978 453 et
2007 415 2051 453 in

175 474 347 524 specie«
383 472 427 509 ><
462 470 541 510 »Et
571 473 634 510 sic
666 473 734 510 est
761 468 863 508 finis
896 467 1086 508 Praetice
1119 471 1269 508 nostre
1302 467 1356 507 de
1389 468 1553 507 morbis
1576 475 1616 508 et
1634 468 1836 509 remediis
1859 470 2050 510 humane

176 532 370 570 nature«

315 597 343 639 f.
377 593 652 639 390b-391b
684 595 750 636 De
782 596 1000 636 caloribus
1033 598 1076 635 et
1107 595 1351 646 saporibus.

317 667 345 709 f.
378 652 655 708 392έῑ--4ΟΡι
693 665 841 706 »Dieta
872 667 1162 705 communis«

326 737 354 778 f.
385 733 660 777 4012—410b
698 734 952 775 »Tractatus
985 735 1038 774 de
1070 738 1244 775 urinis«

314 806 342 847 f.
373 802 648 846 410b—414b
686 804 776 844 »De
812 808 1013 856 serpente
1046 809 1088 844 et
1120 804 1174 844 de
1205 807 1429 844 venenis«

319 876 346 916 f.
378 872 654 916 414b—417a
689 874 946 914 »Tractatus
980 875 1034 914 de
1067 874 1307 926 pulsibus«

316 945 345 986 f.
376 943 651 985 4172-4202
688 943 891 985 »Cautele
928 943 1197 983 medicorum
1230 947 1382 984 contra
1413 944 1711 996 deceptores«

313 1015 340 1055 f.
373 1013 647 1055 4202—4442
678 1012 909 1066 »Sequitur
929 1013 1076 1052 tabula
1113 1016 1379 1053 narracionis
1402 1013 1573 1054 fortune
1591 1026 1691 1055 cum
1715 1026 1797 1055 sua
1818 1019 2044 1068 practica.‹

317 1085 346 1126 f.
377 1082 654 1125 44412-44712
685 1083 984 1126 Chiromantia
1015 1094 1116 1123 cum
1149 1083 1436 1124 delineatione
1473 1096 1696 1125 manuum.

317 1153 346 1195 f.
376 1153 485 1194 448⁸
497 1151 652 1194 -45812
687 1151 917 1205 »Sequitur
948 1152 1201 1205 (Alexandri
1233 1152 1287 1192 de
1324 1152 1435 1194 Villa
1466 1153 1563 1206 Dei)
1594 1154 1744 1196 Biblia
1763 1167 2044 1207 pauperum«

173 1210 374 1266 (Versus
405 1211 828 1263 mnemoteehnici).

316 1281 344 1322 f.
374 1277 650 1322 458b—464b
682 1281 793 1321 Libri
826 1284 929 1320 iuris
965 1283 1161 1320 canonici
1194 1283 1237 1320 et
1267 1281 1412 1332 legum
1445 1282 1628 1322 breviter
1658 1286 1797 1335 positi.

316 1351 343 1392 f.
374 1348 650 1391 464b—475b
686 1351 861 1402 »Incipit
890 1351 995 1390 liber
1026 1348 1331 1389 Grohtonsitra
1369 1354 1649 1391 sanctissime
1691 1355 1863 1393 insertis
1895 1354 2051 1406 magni

169 1409 408 1462 Apollonii
443 1408 682 1449 »Floribus
713 1409 892 1449 aureis«
929 1409 972 1446 ><
1008 1407 1086 1447 »Et
1133 1410 1195 1447 sic
1238 1410 1306 1447 est
1351 1408 1452 1448 finis
1496 1410 1627 1450 huius
1661 1414 1955 1452 sacratissime
1989 1413 2050 1453 di-

170 1470 270 1509 vine
301 1469 404 1508 artis
436 1470 592 1519 scripte
625 1479 701 1519 per
732 1466 757 1506 f.
791 1466 849 1506 M.
883 1466 1004 1506 Ber.«

314 1537 341 1578 f.
373 1536 628 1578 4762-484
673 1537 757 1577 Ars
798 1539 1083 1576 memorativa
1124 1536 1268 1587 (cuius
1311 1536 1413 1577 finis
1457 1537 1753 1588 adglutinatus
1801 1543 1869 1579 est
1908 1544 2048 1581 asseri

170 1594 355 1637 inferiori
385 1606 487 1636 cum
532 1595 667 1635 hacce
710 1596 927 1636 clausula:
996 1594 1075 1634 »Et
1120 1595 1200 1634 hec
1245 1595 1432 1635 breviter
1475 1597 1656 1636 collecta
1703 1596 1925 1638 sufficiant
1971 1610 2048 1651 pro

170 1656 322 1695 nostro
353 1653 651 1695 Confundario
684 1653 944 1705 supplendo.
1007 1652 1086 1692 Per
1126 1664 1195 1692 me
1236 1652 1291 1693 fr.
1322 1653 1382 1693 M.
1415 1653 1517 1694 Ber.
1550 1654 1736 1694 exulem
1768 1656 2048 1696 canonicum

167 1711 429 1764 regularem
469 1711 526 1752 de
571 1708 992 1764 (Rudnic-erasum)
1038 1722 1172 1750 manu
1219 1723 1317 1750 mea
1363 1715 1536 1764 propria
1582 1716 1743 1764 scripta
1788 1725 1864 1765 per
1914 1716 2049 1755 multa

169 1781 384 1811 annorum
417 1773 613 1821 tempora
644 1781 719 1822 per
751 1770 948 1809 diversas
980 1773 1116 1809 terras
1149 1772 1191 1808 et
1206 1769 1304 1809 loca
1336 1781 1412 1821 per
1442 1774 1562 1810 varia
1593 1774 1636 1810 et
1656 1774 1764 1811 mira
1785 1773 2048 1824 exemplaria

169 1827 226 1869 ad
258 1828 431 1868 laudem
463 1831 507 1868 et
533 1828 714 1879 gloriam
747 1828 815 1867 dei
847 1830 1165 1879 omnipotentis·
1191 1830 1234 1867 et
1265 1831 1463 1868 omnium
1483 1833 1736 1869 sanctorum
1760 1834 1802 1870 et
1822 1831 2047 1871 utilitatem

169 1889 364 1927 omnium
396 1887 729 1926 christianorum
760 1886 893 1934 (rubr.
909 1884 937 1936 t)
969 1897 1007 1925 a.
1042 1885 1082 1926 d.
1119 1885 1226 1925 1431
1253 1886 1438 1926 sabbato
1466 1890 1567 1938 post
1597 1891 1906 1928 ascensionem
1929 1889 2044 1930 dom.

167 1944 218 1987 in
248 1943 456 1986 Erfordia
487 1943 536 1984 in
567 1943 705 1984 domo
736 1955 1030 1995 pauperum.«

312 2016 456 2053 Postea
485 2017 613 2052 codex
644 2016 685 2052 in
717 2017 955 2052 monasterio
989 2014 1229 2051 Trebonensi
1260 2015 1385 2051 fuisse
1420 2016 1590 2062 videtur,
1624 2021 1666 2053 ut
1697 2017 1898 2055 declarant
1928 2021 2046 2055 verba

169 2075 211 2112 in
241 2074 367 2112 fronte
397 2074 464 2112 fol.
505 2074 521 2110 1
555 2077 723 2121 scripta:
762 2073 1096 2110 »Rudnicensium
1127 2073 1226 2109 liber
1257 2077 1332 2120 est,
1365 2084 1446 2110 non
1480 2078 1653 2112 noster«.
1687 2074 1765 2111 Sed
1797 2081 1943 2112 mature
1967 2088 2046 2114 non

169 2133 343 2169 redditus
383 2133 557 2179 pervenit
586 2133 626 2167 in
658 2132 754 2168 bibl.
789 2131 1130 2177 Rosenbergicam‚
1175 2132 1278 2167 unde
1312 2131 1513 2168 restitutus
1546 2136 1604 2168 est
1636 2137 1872 2171 monasterio
1904 2134 2048 2172 Trebo-

169 2191 294 2229 nensi.

305 2302 414 2357 268
991 2302 1031 2352 l.
1068 2303 1122 2351 F.
1159 2303 1242 2353 36.

165 2395 310 2438 chart.
340 2408 458 2438 saec.
479 2395 571 2437 XV
585 2395 650 2449 ff.
682 2396 769 2438 228
799 2409 937 2447 num„
969 2395 1021 2437 21
1043 2396 1164 2437 ><15
1193 2409 1277 2437 cm.
1310 2398 1333 2438 1
1370 2410 1428 2438 m.

312 2477 338 2518 f.
377 2478 587 2519 12—1292
620 2478 874 2519 Sermones
907 2478 962 2519 de
993 2478 1216 2529 passione
1249 2479 1427 2519 domini
1460 2481 1707 2520 secundum
1739 2480 1795 2520 65
1827 2483 2042 2522 articulos.

173 2535 354 2576 »Audite
385 2536 569 2576 obsecro
600 2539 790 2576 universi
822 2538 993 2588 populi«
1029 2537 1072 2573 ><
1108 2536 1264 2577 »Omni
1297 2538 1499 2577 custodia
1542 2550 1671 2578 serva
1703 2550 1777 2578 cor
1808 2544 1929 2579 tuum
1963 2543 2043 2580 etc.

173 2591 290 2634 Laus
319 2594 391 2634 tibi
423 2593 602 2636 Crista«

309 2663 337 2704 f.
374 2662 643 2704 1302—22812
674 2664 926 2705 Sermones
958 2664 1091 2714 varii,
1124 2676 1320 2716 quorum
1354 2677 1455 2718 pars
1490 2669 1645 2705 iterum
1679 2667 1732 2705 de
1765 2669 1983 2718 passione.

310 2734 505 2782 Operculo
536 2736 644 2773 infer.
679 2737 893 2783 adligatum
925 2740 983 2772 est
1014 2736 1274 2783 fragmentum
1300 2739 1519 2774 membran.
1542 2738 1691 2776 codicis
1714 2738 1921 2775 cuiusdam
1938 2750 2042 2777 saec.

171 2789 264 2828 XIV
294 2802 442 2840 argum.
472 2794 614 2840 philos.
647 2794 706 2831 Ex
737 2795 976 2831 monasterio
1008 2793 1263 2831 Tiebonensi.

305 2903 410 2958 269
984 2907 1022 2957 J.
1059 2907 1113 2959 F.
1150 2907 1232 2957 37.

167 2995 310 3038 chart.
341 3009 456 3039 saec.
488 2997 582 3039 XV
602 2997 651 3054 ff.
683 3000 770 3041 314
800 3013 938 3051 num„
970 3001 1023 3041 21
1044 3001 1164 3041 ><15
1192 3013 1277 3042 cm.
1311 3002 1351 3041 d.
1387 3014 1444 3041 m.

311 3077 562 3121 Sermones
594 3081 768 3122 diversi
799 3093 907 3122 cum
936 3082 1111 3133 glossis
1142 3082 1401 3123 bohemicis
1434 3086 1600 3134 passim
1643 3085 1983 3127 occurrentibus,

312 3137 506 3185 Opereulo
538 3151 666 3188 super.
700 3143 895 3189 adligatae
927 3147 1020 3179 sunt
1051 3143 1212 3180 membr.
1244 3144 1395 3179 litterae
1426 3143 1627 3180 Elisabeth
1649 3146 1905 3191 imperatricis
1928 3146 2042 3182 datae

168 3192 315 3242 Pragae
345 3197 386 3232 in
417 3196 478 3235 die
518 3207 550 3237 s.
582 3198 781 3237 Francisci
812 3211 847 3238 a.
882 3198 1032 3251 (13)83
1074 3200 1204 3237 Lucae
1237 3202 1441 3248 capellano
1474 3213 1544 3248 pro
1576 3202 1687 3238 salvo
1719 3204 1932 3240 conductu.
1980 3203 2042 3239 Ad

186 3251 279 3290 nfer.
313 3253 525 3300 adligatum
566 3260 626 3293 est
655 3257 833 3297 instrum.
877 3260 1036 3295 membr.
1070 3259 1178 3305 publ.
1212 3261 1356 3296 notarii
1389 3259 1582 3296 Johannis
1614 3261 1707 3296 olim
1742 3260 1962 3297 Marssonis
1994 3263 2041 3297 de

1073 3406 1134 3438 111
