2476 3782
1299 285 1375 326 187

546 423 637 477 187
1085 423 1126 473 Ι.
1163 423 1219 472 Ε.
1256 423 1301 471 2.
1338 433 1397 475 (Y.
1421 433 1448 467 Ι.
1477 435 1506 466 1.
1531 444 1565 467 n.
1592 435 1684 471 103.)

405 516 549 558 chart.
583 528 625 557 a.
671 516 799 565 1728,
837 516 891 570 ff.
932 516 998 568 60,
1031 517 1220 558 23><17
1253 528 1335 557 cm.
1369 518 1417 556 ut
1448 514 1623 556 videtur
1653 514 1975 567 autographus.
2031 555 2035 561 ,
2064 558 2067 561 ,

541 598 779 635 Intrinsecus
810 600 980 646 operculi
1012 610 1140 646 super.
1174 601 1236 636 hic
1267 600 1401 636 titulus
1434 604 1611 636 notatur:

542 664 594 706 G.
625 665 784 709 Patrit.
818 677 964 706 wems
994 665 1222 707 Duffiadis
1255 667 1298 707 S.
1330 666 1370 707 J.
1405 666 1681 707 Caledoniae
1713 666 1991 716 prodromus
2015 675 2090 715 per
2110 666 2266 704 totum.

405 722 528 774 Opus
561 726 623 762 sic
655 726 800 775 incipit
829 727 872 764 in
904 724 930 764 f.
970 725 1011 763 1:
1055 723 1317 764 Caledoniae
1359 724 1622 763 Prodromus
1655 735 1735 762 seu
1768 723 2025 762 Dissertatio
2059 721 2113 761 de
2144 721 2265 761 Anti-

404 783 563 833 quitate
596 779 825 821 Scotorum
857 785 899 821 in
931 781 1161 822 Britannia.
1196 782 1379 833 Explicit
1409 785 1553 821 autem
1587 784 1673 820 sic:
1707 781 1768 821 Ita
1800 791 1961 820 censeo
1994 778 2037 819 P.
2070 777 2120 818 N.
2153 777 2265 819 W..

405 841 512 886 (una
542 839 676 878 littera
706 842 850 888 erasa)
881 839 915 879 J.
949 839 1087 879 Duaci
1119 840 1187 879 22.
1220 839 1319 879 Maii
1355 838 1478 879 1728.
1512 839 1641 878 Finis.

547 951 640 1005 188
1203 953 1242 1002 Ι.
1280 954 1336 1002 Ε.
1374 954 1421 1002 3.

403 1045 545 1086 chart.
578 1057 620 1086 a.
653 1046 762 1087 1661
783 1045 847 1098 ff
879 1047 968 1088 395
995 1060 1136 1096 huin„
1171 1048 1286 1088 19><
1306 1048 1362 1088 16
1392 1059 1475 1088 cm.
1515 1048 1537 1086 1
1571 1059 1631 1085 m.

539 1125 788 1167 Extractus
820 1127 1048 1168 examinis
1080 1139 1235 1168 rerum
1256 1127 1544 1179 publicarum
1566 1127 1715 1167 nostri
1737 1126 1841 1167 aevi
1863 1125 2270 1166 celeberrimarum

400 1187 584 1234 praeter
613 1185 858 1235 imperium
888 1185 1443 1226 Romano-Germanicum
1473 1189 1548 1224 viri
1581 1186 1840 1225 celeberrimi
1873 1184 2124 1224 Hermanni
2146 1182 2268 1224 Con·
2316 1206 2321 1210 -

401 1241 536 1292 ringii
567 1243 805 1282 medicinae
838 1243 1040 1283 doctoris,
1079 1243 1390 1283 Helmaestadi.
1424 1244 1552 1283 Anno
1588 1242 1710 1283 1661.

539 1313 597 1349 Ex
628 1314 721 1350 bibl.
754 1324 857 1350 nova
888 1314 1074 1351 Carolina
1116 1313 1249 1363 (antea
1278 1314 1417 1361 Ignatii
1451 1315 1583 1351 Caroli
1615 1325 1715 1352 com.
1735 1315 1781 1350 de
1814 1313 2054 1360 Sternberg).

547 1425 636 1478 189
1213 1427 1252 1476 I.
1290 1427 1350 1477 E.
1388 1427 1435 1475 4.

402 1518 543 1558 chart.
573 1529 688 1558 saec.
718 1517 860 1558 XVII
877 1519 928 1572 ffi
958 1519 1044 1560 307
1074 1532 1214 1568 num„
1246 1521 1299 1560 21
1322 1521 1438 1561 ><16
1469 1532 1553 1560 cm.
1602 1520 1626 1560 1
1661 1532 1717 1560 m.

538 1597 606 1638 De
637 1599 826 1650 origine,
859 1600 1066 1640 moribus
1098 1603 1144 1641 et
1174 1601 1312 1641 rebus
1343 1601 1487 1651 gestis
1510 1601 1754 1641 Scotorum
1786 1601 1894 1641 libri
1915 1602 2085 1642 decem.
2118 1600 2154 1641 E
2177 1604 2269 1654 qui-

402 1656 485 1695 bus
518 1660 684 1707 septem
715 1661 910 1696 veterum
943 1657 1174 1698 Scotorum
1206 1670 1275 1698 res
1307 1661 1501 1710 inprimis
1554 1659 1860 1698 memorabiles
1893 1661 2170 1708 contractius
2203 1670 2266 1699 re-

401 1715 502 1765 liqui
532 1725 636 1753 vero
668 1718 754 1753 tres
786 1718 1060 1766 posterorum
1092 1727 1243 1767 regum
1274 1717 1329 1756 ad
1362 1720 1512 1756 nostra
1544 1720 1739 1768 tempora
1770 1717 2006 1765 historiam,
2045 1727 2157 1769 quae
2188 1717 2267 1757 hu-

400 1783 567 1824 cusque
600 1772 936 1821 desiderabatur,
970 1773 1111 1813 fusius
1134 1775 1360 1826 explicant.
1393 1774 1595 1814 Accessit
1615 1785 1731 1814 nova
1758 1778 1799 1814 et
1819 1778 2020 1814 accurata
2041 1777 2266 1826 regionum

401 1833 443 1869 et
471 1830 709 1869 insularum
741 1829 912 1870 Scotiae
945 1831 1189 1882 descriptio.
1240 1832 1450 1872 Authore
1480 1831 1694 1872 Johanne
1725 1831 1932 1877 Leslaeo.
1983 1831 2128 1880 Scoto,
2179 1835 2268 1884 epi-

402 1898 538 1938 scopo
571 1886 794 1927 Rossensi.
827 1888 1000 1928 Romae
1032 1892 1074 1928 in
1106 1889 1289 1929 aedibus
1321 1890 1467 1941 populi
1500 1889 1682 1929 Romani
1718 1888 1839 1930 1578.
1902 1889 2015 1930 Cum
2047 1890 2266 1942 privilegio

401 1948 442 1984 et
472 1945 673 1984 facultate
706 1949 989 1997 superiorum.
1023 1947 1350 1998 Apographum.

542 2016 585 2051 In
618 2019 754 2053 eodem
785 2017 851 2054 fol.
884 2018 986 2054 tituli
1019 2022 1179 2054 notatur
1208 2028 1440 2064 possessor:
1477 2018 1561 2054 »Ex
1591 2019 1700 2055 libris
1733 2018 1772 2056 P.
1805 2018 1969 2065 Eugenii
1999 2019 2191 2066 Philipp«

544 2128 634 2181 190
1213 2130 1252 2179 I.
1291 2129 1349 2179 E.
1386 2131 1432 2179 5.

400 2221 543 2262 chart.
574 2233 691 2262 saec.
722 2220 814 2261 XV
824 2222 885 2275 ff
917 2222 1005 2262 425
1031 2234 1168 2270 hum„
1200 2223 1253 2262 21
1274 2224 1316 2260 ><
1335 2223 1394 2262 15
1422 2234 1502 2262 cm.
1536 2224 1559 2263 1
1592 2235 1652 2264 m.

535 2302 759 2343 Postillae
790 2315 898 2353 pars
929 2304 1144 2344 hiemalis
1177 2305 1250 2352 (ab
1282 2304 1474 2343 adventu
1505 2315 1646 2355 usque
1678 2304 1735 2344 ad
1767 2307 2075 2344 ascensionem
2103 2305 2267 2345 domini

401 2361 682 2411 sequentibus
715 2362 991 2401 sermonibus
1025 2362 1227 2410 diversis)
1259 2366 1448 2402 auctore
1480 2362 1680 2413 quodam
1710 2361 1892 2401 Husita.

537 2429 563 2470 f.
602 2431 645 2469 1³
682 2429 845 2470 »Hodie
877 2433 1023 2481 incipit
1054 2442 1229 2470 sacrum
1262 2435 1436 2482 tempus
1470 2432 1712 2471 adventus«
1738 2431 1781 2469 ><
1803 2431 1830 2472 f.
1863 2431 1972 2471 424²
1996 2435 2064 2471 »et
2084 2432 2264 2484 gloriam

399 2490 442 2526 in
472 2486 628 2535 futuro,
660 2488 716 2526 ad
748 2499 906 2540 quam«
941 2492 1020 2528 etc.
1055 2488 1225 2528 Praeter
1255 2489 1430 2539 glossas
1463 2493 1504 2528 et
1535 2501 1668 2540 marg.
1713 2493 1843 2529 notas
1885 2490 2138 2530 bohemicas
2170 2501 2264 2542 pro-

403 2545 526 2584 lixior
557 2549 701 2585 textus
733 2546 834 2585 boh.
867 2549 1056 2585 insertus
1089 2550 1156 2585 est
1186 2546 1256 2586 fol.
1291 2546 1393 2585 275⁸
1442 2558 1493 2585 »o
1538 2543 1758 2586 Jidasovi«
1810 2550 1852 2586 et
1891 2547 1963 2587 fol.
1995 2546 2267 2588 3622—363·

404 2601 597 2642 »Slussie
628 2606 886 2651 znamenati,
920 2601 970 2642 Ze
1003 2604 1078 2643 kto
1110 2604 1216 2643 chce
1248 2616 1276 2643 v
1307 2601 1511 2643 modlitbe
1543 2605 1752 2655 vslyssan
1784 2605 1903 2655 bayti
1949 2607 2073 2653 etc«,
2121 2617 2208 2656 quo
2239 2617 2267 2646 a

401 2660 484 2699 deo
516 2660 794 2711 repudiantur
834 2665 1085 2712 peccatores
1133 2662 1326 2701 dicentes
1373 2665 1612 2701 orationem
1663 2659 1795 2701 »Otce
1843 2658 1950 2702 nas«
2016 2666 2091 2711 (z
2121 2659 2265 2703 Pate}

398 2714 531 2768 zlych
561 2714 674 2769 lidi.)
707 2718 810 2757 item
843 2722 886 2758 in
917 2718 987 2758 fol.
1019 2719 1105 2758 425
1141 2718 1223 2758 »W
1253 2719 1407 2758 nedieli
1440 2723 1583 2759 swatu
1614 2720 1824 2771 wssecky
1846 2723 1987 2772 wiecy
2014 2724 2265 2773 stworzeny

399 2786 506 2825 gsu‹
543 2779 620 2815 etc.
655 2775 763 2824 (List
794 2788 815 2815 s
847 2777 989 2825 nebe).

543 2845 743 2892 Operculis
776 2848 948 2893 adligata
978 2852 1070 2883 sunt
1101 2849 1178 2883 duo
1211 2849 1369 2884 membr.
1414 2848 1509 2884 folia
1549 2848 1733 2884 Breviarii
1778 2849 1845 2885 lat.
1895 2860 1998 2887 saec.
2031 2848 2251 2886 XII—XIII

396 2904 444 2940 A.
482 2904 588 2940 1609
621 2906 746 2940 codex
777 2905 848 2940 fuit
878 2905 970 2943 bibl.
1003 2905 1327 2951 Rosenbergicae‚
1369 2916 1417 2941 ex
1459 2917 1535 2952 qua
1567 2907 1805 2942 monasterio
1837 2905 2079 2944 Trebonensi
2110 2908 2261 2954 obtigit.

541 3015 612 3067 191
1220 3016 1259 3066 I.
1297 3017 1354 3065 E.
1392 3019 1436 3065 6.

398 3109 540 3148 chart.
571 3120 686 3148 saec.
717 3108 808 3148 XV
819 3109 879 3162 ff
912 3110 996 3150 197
1026 3121 1165 3158 num„
1193 3110 1247 3149 21
1267 3111 1311 3147 Χ
1327 3111 1384 3151 16
1413 3121 1495 3150 cm.
1532 3110 1556 3150 1
1591 3123 1649 3150 m.

542 3188 879 3230 Vocabularius
920 3192 1012 3241 (qui
1053 3193 1095 3230 in
1138 3191 1233 3230 cod.
1277 3190 1464 3230 Vindob.
1507 3191 1621 3230 3156
1663 3196 1843 3231 vocatur
1894 3189 2267 3244 »breviloquus»)

397 3245 871 3297 latino-germanicus.

1306 3397 1349 3428 70
