2476 3782
1151 289 1234 330 753

402 430 430 471 f.
463 429 738 470 2962—3232
766 429 1024 470 Parvorum
1054 427 1350 469 Naturalium
1380 428 1453 477 (de
1487 414 1624 468 sensu
1656 432 1698 468 et
1729 431 1922 477 sensato,
1956 428 2009 467 de
2043 439 2132 467 me-

258 491 397 529 moria
441 492 484 528 et
524 490 855 536 reminiscentia,
898 486 952 526 de
984 497 1158 526 sommo
1191 489 1233 525 et
1263 486 1417 537 vigilia,
1461 486 1514 525 de
1547 486 1815 538 longitudine
1847 489 1890 525 et
1921 486 2128 525 brevitate

258 546 607 653 Vltae)·opercu¹is
639 605 811 651 adligata
841 608 934 640 sunt
965 603 1180 650 fragmenta
1202 605 1361 641 membr.
1395 604 1545 639 codicis
1563 603 1772 640 cuiusdam
1796 614 1900 641 saec.
1926 603 2014 640 XIII
2037 616 2074 640 u.
2095 615 2130 641 a.

261 663 354 700 XIV
385 674 534 711 argum.
564 664 788 700 iurid.-can.
835 661 879 698 In
911 671 1038 708 super.
1085 666 1199 698 nota:
1251 661 1359 698 »Fen
1406 661 1440 697 II
1473 665 1562 697 ante
1609 661 1801 698 Johannis
1854 662 1967 709 Bapt.
2001 662 2129 709 incep.

265 721 318 759 M.
352 721 561 769 Gregorius
592 720 796 767 Pragensis
828 719 969 756 librum
1000 719 1254 766 physicorum
1285 731 1321 758 a.
1361 719 1436 755 147
1446 719 1510 755 9.«

399 833 488 887 751
873 831 968 881 IV.
1012 830 1068 880 G.
1107 832 1188 880 19.
1227 841 1285 884 (Y.
1314 841 1342 876 Ι.
1368 842 1399 875 1.
1425 852 1460 875 n.
1484 843 1557 883 35.)

261 927 406 968 chart.
439 938 482 967 a.
514 925 704 981 1417ff.
735 926 822 967 233
852 937 989 974 num„
1019 924 1311 975 21·5><15·5
1337 935 1421 965 cm.
1454 925 1477 964 1
1510 935 1569 964 m.

404 1007 433 1048 f.
471 1005 677 1048 1⁸—218b
708 1006 957 1048 Rosarium
1003 1006 1108 1046 sive
1152 1005 1366 1046 Floretus
1399 1005 1565 1046 minor.
1608 1005 1937 1057 (Dictionarium
1971 1007 2133 1047 theolo-

260 1068 441 1118 gicum.)
485 1066 749 1106 »Absolucio
781 1065 937 1105 dicitur
982 1064 1218 1116 tripliciter«
1255 1065 1298 1101 ><
1334 1063 1544 1114 »Explicit
1583 1064 1688 1103 liber
1730 1062 1896 1103 Rosarii
1930 1067 2020 1104 sive
2052 1064 2130 1104 Mi-

260 1126 378 1165 noris
410 1122 564 1164 Floreti
595 1126 934 1175 pronuncciatus
967 1134 1043 1174 per
1064 1134 1150 1162 rev.
1172 1121 1290 1173 Mag.
1313 1121 1537 1162 Mathiam
1558 1121 1858 1162 licenciatum
1874 1122 1922 1162 in
1939 1122 2132 1172 collegio

259 1180 414 1223 Caroli
443 1184 486 1222 in
516 1182 721 1221 lectuario
753 1181 1055 1232 theologorum
1087 1192 1124 1219 a.
1161 1179 1201 1220 d.
1239 1178 1389 1220 1417.<‹

403 1238 431 1280 f.
463 1236 733 1279 219b—231b
765 1238 823 1279 M.
848 1238 1079 1279 Johannis
1110 1237 1212 1278 Hus
1243 1237 1407 1278 Sermo
1439 1237 1695 1288 synodalis.
1743 1235 1888 1278 »State
1921 1241 2131 1278 succincti

258 1297 456 1338 lumbos«
492 1298 536 1336 ><
570 1296 675 1337 »Hic
716 1297 1012 1349 ewangelicus
1055 1307 1199 1336 sermo
1246 1298 1288 1335 in
1331 1295 1506 1347 synodo
1550 1294 1755 1346 Pragensi
1788 1307 1864 1347 per
1894 1308 1980 1336 rev.
2014 1295 2130 1346 Mag.

258 1354 502 1396 Johannem
548 1355 711 1395 dictum
753 1354 850 1394 Hus
893 1365 928 1394 s.
976 1357 1130 1406 pagine
1163 1353 1496 1393 baccalaureum
1530 1356 1633 1393 tunc
1665 1356 1872 1405 temporis
1921 1352 2133 1394 Sententi-

259 1415 396 1454 arium
441 1416 647 1453 vocatum
689 1416 758 1453 est
802 1413 1048 1464 predicatus
1095 1424 1132 1452 a.
1167 1412 1207 1451 d.
1244 1409 1354 1452 1407
1396 1414 1438 1451 in
1486 1411 1554 1451 die
1587 1422 1621 1451 s,
1657 1411 1772 1451 Luce
1805 1413 2126 1463 ewangeliste«

261 1470 390 1524 (Edit.
423 1472 466 1511 in
499 1469 628 1522 Oper.
660 1469 851 1511 Norimb.
885 1470 931 1520 ΙΙ,
963 1469 1053 1518 32.)

402 1527 428 1569 f.
463 1526 735 1569 wib—232⁸
767 1526 906 1568 Notae
938 1529 1207 1580 theologicae
1239 1530 1399 1567 variae.

402 1585 429 1627 f.
464 1584 737 1628 2321)-233ἰ
769 1589 865 1635 (alia
895 1589 1033 1635 manu)
1065 1586 1124 1626 M.
1154 1585 1387 1626 Johannis
1417 1585 1519 1625 Hus
1550 1584 1843 1626 Tractatulus
1867 1585 1922 1626 de
1944 1589 2136 1637 peccato

259 1643 458 1685 mortali.
491 1644 622 1694 (Edit.
655 1644 814 1684 ibidem
846 1645 874 1694 I,
907 1644 996 1693 32.)

375 1703 577 1752 Operculis
609 1705 823 1751 adligatum
854 1709 913 1741 est
943 1705 1200 1750 fragmentum
1222 1705 1381 1740 membr.
1403 1705 1651 1740 instrumenti
1673 1704 1780 1750 publ.
1804 1708 1928 1742 notar.
1951 1703 2129 1740 Andreae

258 1761 410 1800 Nicolai
451 1763 498 1799 de
538 1762 749 1810 Lompnicz
790 1773 906 1809 super
946 1763 1116 1810 quadam
1158 1772 1280 1798 causa
1310 1762 1350 1798 in
1382 1762 1528 1799 iudicio
1561 1762 1885 1809 archiepiscopali
1918 1761 2063 1809 Pragae
2096 1774 2132 1800 a.

265 1820 372 1858 1388
406 1826 602 1868 vergente.
634 1821 759 1857 Vetus
792 1824 893 1867 sign.
927 1820 970 1865 B,
1009 1821 1072 1857 19.

401 1932 506 1986 752
874 1932 958 1983 JV.
998 1933 1057 1982 G.
1096 1932 1176 1982 20.
1215 1942 1274 1985 (Y.
1299 1943 1327 1976 I.
1354 1945 1384 1976 1.
1412 1953 1449 1976 n.
1472 1943 1543 1984 26.)

263 2026 408 2068 chart.
439 2037 556 2068 saec.
589 2025 682 2066 XV
694 2025 760 2078 ff
792 2026 894 2076 158,
923 2026 1040 2067 22><
1060 2027 1120 2067 15
1146 2038 1229 2066 cm.
1260 2026 1284 2066 1
1319 2038 1379 2066 m.

261 2107 485 2149 Armandi
515 2108 571 2149 de
600 2107 729 2149 Bello
759 2107 877 2149 Visu
907 2108 1148 2150 Tractatus
1181 2108 1236 2148 de
1268 2107 1578 2148 declaratione
1610 2106 1870 2148 difficilium
1908 2107 2137 2149 dictorum

845 2169 892 2207 et
923 2166 1181 2207 dictionum
1211 2166 1260 2206 in
1292 2165 1542 2217 theologia.

378 2222 405 2264 f.
443 2225 489 2265 1⁸
519 2223 684 2275 (rubr.:)
718 2224 893 2276 »Incipit
923 2225 1106 2276 epistola
1137 2224 1412 2275 prohemialis
1439 2254 1448 2263 .
1476 2257 1483 2264 .
1513 2256 1521 2264 .
1546 2225 1723 2272 (atram.)
1756 2223 2136 2263 Reverendissimo

261 2284 304 2322 in
335 2279 436 2323 Chr.
468 2284 574 2334 patri
600 2315 608 2323 .
637 2314 645 2322 .
677 2282 863 2322 johanni
895 2286 1026 2334 episc.
1060 2281 1438 2333 Babenbergensi«
1476 2282 1519 2320 ><
1550 2281 1576 2321 f.
1615 2279 1716 2321 146b
1753 2282 1939 2322 »revelat
1969 2286 2016 2322 ut
2046 2282 2134 2331 lux,

262 2341 332 2380 cui
362 2339 502 2380 honor
532 2343 574 2380 et
603 2341 738 2391 gloria
769 2343 811 2380 in
845 2352 878 2380 s.
913 2352 946 2380 s.
981 2341 1163 2380 Amen«

406 2397 434 2438 f.
471 2397 734 2439 147·--158εἰ
767 2398 1011 2451 Registrum
1043 2400 1200 2450 operis.

408 2457 600 2505 Operculo
633 2469 761 2506 super.
796 2459 1013 2505 adligatum
1045 2462 1104 2494 est
1135 2458 1391 2504 fragmentum
1424 2459 1583 2495 membr.
1617 2459 1824 2494 cuiusdam
1855 2458 1942 2494 libri
1963 2457 2135 2504 liturgici

265 2516 418 2552 neumis
447 2516 627 2553 instructi
659 2527 764 2553 saec.
806 2516 908 2553 XIII.
956 2517 1007 2552 Ut
1038 2518 1308 2553 demonstrant
1339 2516 1614 2562 inscriptiones
1645 2516 1813 2552 initiales
1844 2516 1958 2552 valde
1990 2516 2133 2560 laesae,

264 2574 389 2610 codex
419 2573 513 2610 olim
545 2577 624 2610 erat
655 2575 809 2622 collegii
840 2574 1044 2612 Nazareth.

404 2684 512 2739 753
861 2685 956 2736 IV.
997 2686 1056 2735 G.
1095 2685 1176 2735 21.
1211 2697 1270 2740 (Y.
1296 2697 1324 2730 Ι.
1352 2699 1382 2731 1.
1408 2708 1443 2731 n.
1467 2698 1537 2736 31.)

264 2778 408 2819 chart.
439 2789 555 2819 saec.
587 2777 679 2818 XV
691 2775 749 2833 ff.
780 2779 868 2821 236
897 2791 1038 2829 num„
1066 2779 1118 2820 21
1141 2779 1183 2817 ><
1201 2780 1260 2820 15
1285 2791 1368 2820 cm.
1401 2780 1424 2820 l
1463 2792 1522 2820 m.

262 2858 494 2900 Johannis
548 2858 863 2901 Erfordiensis
919 2860 1016 2901 ord.
1072 2859 1198 2900 fratr.
1254 2860 1366 2900 min.
1425 2860 1736 2914 Quaestiones
1793 2860 1987 2901 secundi
2034 2860 2136 2901 libri

1029 2917 1389 2958 Sententiarum.

410 2973 437 3013 s.
475 2974 519 3014 1a
550 2977 692 3023 (rubr.)
736 2976 973 3028 »Incipiunt
1003 2979 1256 3028 questiones
1289 2988 1375 3016 soc.
1411 2977 1435 3017 1.
1469 2988 1503 3016 s.
1538 2976 1726 3028 (atram.)
1759 2975 1961 3028 Queritur
1992 2980 2134 3016 utrum

266 3035 353 3072 sint
398 3033 520 3083 plura
565 3035 771 3086 principia
813 3037 975 3086 prima«
1012 3036 1054 3072 ><
1087 3034 1114 3074 f.
1147 3033 1250 3074 228·
1294 3034 1565 3086 »Expliciunt
1605 3037 1860 3085 questiones
1905 3045 2037 3086 super
2068 3046 2136 3074 se-

265 3089 458 3130 cundum
490 3090 642 3130 librum
674 3095 1019 3132 sentenciarum‹
1053 3094 1175 3141 (rubr.
1191 3095 1219 3139 t)
1256 3091 1438 3132 »Fratris
1470 3092 1682 3132 Johannis
1728 3091 2018 3132 Erfordiensis
2041 3093 2132 3132 ord.

266 3147 379 3187 fratr.
419 3150 674 3188 minorum«

410 3205 438 3244 f.
472 3202 743 3246 228b—235a
781 3206 1036 3258 Registrum.

410 3262 437 3303 f.
471 3260 744 3304 23512—2362‘
777 3267 873 3316 (alia
905 3265 1043 3317 manu)
1075 3265 1384 3305 Additamenta
1415 3264 1632 3317 quaedam
1666 3276 1798 3316 supra
1829 3268 2006 3305 omissa.

1166 3413 1229 3447 301
