2476 3782
1112 256 1198 297 290

351 396 378 437 f.
413 396 558 436 236³-
581 394 688 437 281b
721 395 866 437 Stella
895 395 1170 436 clericorum
1201 407 1308 436 cum
1341 397 1652 447 expositione.
1718 399 1868 440 »Circa
1913 403 2088 441 inicium

214 454 336 494 stelle
367 455 621 494 clericorum
654 454 708 494 de
740 455 836 494 celo
869 456 911 493 et
942 453 1131 493 mundo«
1171 466 1213 502 ><
1252 457 1317 494 »in
1349 457 1495 494 celesti
1531 459 1706 506 patria«
1742 458 1809 506 (In
1842 459 1939 498 cod.
1973 459 2000 498 1.
2035 458 2085 498 G.

213 511 239 552 2
273 511 301 552 s.
333 511 520 556 60—67.
558 512 630 552 ubi
663 512 778 552 idem
811 522 925 563 opus
958 514 1144 551 occurrit
1174 512 1253 550 sed
1287 515 1381 552 sine
1414 516 1701 564 expositione,
1736 519 1908 567 ponitur
1938 520 2089 557 auctor

211 569 331 622 Mag.
362 569 659 610 Hermannus
690 569 1021 620 TepelstensiS‚
1055 569 1135 608 sed
1168 570 1266 608 alibi
1298 570 1391 609 aliis
1423 571 1695 621 attribuitur.)

351 641 556 689 Operculis
601 641 774 687 adligata
820 645 913 676 sunt
959 642 1038 677 duo
1089 640 1306 686 fragmenta
1338 642 1550 682 membran.
1598 645 1780 680 codicum
1812 646 2085 693 vetustiorum,

212 710 334 736 unum
365 710 469 739 saec.
500 698 602 744 XIH,
633 698 796 735 alterum
829 697 932 738 XIV.
964 698 1008 734 In
1039 698 1105 737 fol.
1137 698 1275 735 ultimo
1308 709 1388 735 non
1421 711 1526 739 num.
1561 702 1791 739 adnotatum
1822 707 1880 739 est
1912 704 2087 740 codicem

212 767 316 797 saec.
348 757 422 793 XV
454 757 574 794 fuisse
605 760 774 793 monast.
817 755 1134 795 Borowanensis.
1183 755 1348 803 (Ibidem
1394 760 1561 795 occurrit
1608 764 1702 795 nota
1749 761 1795 796 de
1843 762 1966 797 missa
2010 762 2087 808 legi

212 819 351 862 coepta
381 826 418 855 a.
456 815 576 860 1496,
609 825 726 861 quam
758 814 934 850 fundavit
964 813 1119 850 Ulricus
1151 815 1198 851 de
1230 814 1473 861 Dworzecz.)
1506 816 1553 856 Α,
1592 817 1699 853 1609
1733 819 1858 854 codex
1890 824 1970 856 erat
1993 820 2086 860 bibl.

212 872 537 920 Rosenbergicae‚
571 874 711 909 deinde
745 873 881 908 iterum
916 873 1143 908 monasterii
1181 873 1357 919 praefati,

351 996 460 1051 289
1037 996 1074 1046 I.
1116 997 1175 1046 G.
1214 997 1295 1046 13.

209 1091 354 1132 chart.
384 1101 501 1131 saec.
532 1089 624 1130 XV
638 1087 703 1141 ff.
735 1089 823 1130 260
853 1102 992 1137 num„
1025 1091 1077 1130 21
1100 1090 1216 1131 ><14
1246 1103 1329 1132 cm.
1364 1092 1406 1132 d.
1440 1104 1497 1132 m.

347 1172 373 1212 f.
412 1169 571 1211 1-752
611 1173 822 1220 (anepigr.)
878 1171 1195 1212 Auctoritates
1240 1173 1540 1224 theologicae.
1611 1174 1914 1214 ›Bernhardus
1962 1176 2083 1216 dicit:

208 1229 319 1270 deus
351 1233 420 1270 est
449 1241 597 1270 amor«
634 1230 676 1267 ><
712 1228 948 1281 »Magnum
981 1231 1246 1270 certantibus
1278 1231 1492 1277 levamen,
1527 1243 1734 1283 magnam
1762 1235 2085 1274 consolacionis

205 1290 396 1340 graciam
458 1292 620 1339 parat‹.
670 1286 874 1339 Sequitur
943 1291 1170 1339 registrum
1228 1292 1270 1329 in
1327 1289 1467 1329 fronte
1525 1291 1782 1341 mutilatum,
1829 1291 1999 1331 finitum
2045 1304 2084 1333 a.

209 1343 331 1386 1437.

343 1415 371 1456 f.
404 1413 622 1456 75b-832
652 1418 865 1464 (anepigr.)
906 1414 1148 1456 Tractatus
1196 1417 1252 1457 de
1282 1418 1500 1468 peccatis.
1553 1417 1794 1470 »Superbia
1836 1423 1904 1458 est
1951 1422 2084 1459 maio-

204 1476 343 1514 racio·
381 1475 426 1512 ><
461 1474 606 1526 »quod
638 1477 725 1525 regi
758 1477 910 1525 placet,
944 1474 1046 1513 illud
1078 1478 1249 1526 oportet
1279 1475 1423 1515 facere
1456 1479 1537 1516 etc.
1571 1476 1626 1516 Et
1657 1479 1720 1516 sic
1753 1480 1821 1516 est
1849 1477 1991 1517 finis«

349 1543 376 1583 f.
409 1541 627 1584 83b—84b
658 1542 797 1583 Notae
829 1543 883 1583 de
916 1543 1183 1595 quadruplici
1217 1556 1355 1584 sensu
1387 1548 1640 1597 scripturae,
1674 1545 1727 1585 de
1761 1546 1978 1587 ebrietate.

349 1612 376 1653 f.
409 1612 633 1653 852—143
666 1615 858 1662 (anepigr,
891 1615 1005 1652 titulo
1036 1617 1076 1651 in
1108 1615 1232 1652 fronte
1274 1617 1432 1663 evulso)
1466 1614 1826 1655 Confessionale
1871 1616 2082 1656 sacerdo-

202 1675 317 1712 tum.
355 1671 424 1711 »In
457 1674 605 1722 primis
638 1671 767 1710 debet
813 1671 1024 1710 sacerdos
1071 1674 1333 1722 interrogare
1381 1676 1671 1724 penitentem«
1709 1673 1751 1710 ><
1818 1673 1897 1713 »Et
1943 1677 2082 1714 sancti

205 1732 350 1780 patres
382 1729 585 1769 dixerunt
615 1733 767 1769 contra
798 1730 916 1769 hunc
948 1740 1150 1769 errorem.
1184 1729 1239 1770 Et
1269 1731 1403 1770 homo
1435 1731 1579 1771 factus
1612 1737 1681 1771 est
1712 1735 1818 1771 etc«

342 1798 371 1839 f.
409 1796 678 1838 1442—152b
711 1798 754 1840 S.
778 1798 1030 1850 Augustini
1077 1800 1134 1839 ad
1178 1799 1368 1840 Petrum
1415 1801 1665 1842 diaconum
1711 1801 1829 1842 liber
1874 1802 1930 1842 de
1977 1801 2080 1842 fide.

209 1856 500 1897 »Firmissime
532 1861 656 1897 tene«
692 1860 772 1897 etc.

341 1926 368 1965 f.
410 1923 674 1966 152b——l55a
706 1926 956 1977 Disputata
985 1926 1153 1967 Judaei
1186 1939 1293 1967 cum
1324 1928 1596 1969 Christiano
1628 1930 1753 1978 (alter
1798 1930 1970 1969 titulus:
2017 1929 2080 1969 Li-

201 1984 278 2024 ber
317 1987 467 2025 contra
507 1984 733 2033 Judaeos)‚
782 1988 829 2024 ut
868 1985 1050 2030 videtur,
1099 1988 1141 2024 in
1199 1985 1286 2026 fine
1340 1997 1509 2027 manca.
1567 1987 1789 2027 »Dicimus
1835 1990 1949 2027 enim
1998 1987 2079 2027 fra-

198 2045 313 2083 tres«
349 2046 428 2083 etc.

338 2111 367 2152 f.
405 2110 673 2152 1562—1641’
722 2111 973 2164 Speculum
1019 2113 1313 2154 sacerdotum
1373 2118 1488 2154 circa
1534 2119 1810 2156 sacramenta
1857 2115 2074 2166 baptismi,

199 2170 486 2210 eucharistiae
519 2174 561 2210 et
591 2173 896 2221 poenitentiae.
934 2170 1080 2210 »Istud
1114 2175 1181 2211 est
1213 2173 1442 2223 speculum
1475 2174 1643 2213 nobile«
1680 2174 1723 2211 ><
1760 2173 1881 2226 »Que
1914 2174 1982 2213 hic
2005 2173 2077 2212 de-

200 2226 365 2277 ficiunt,
397 2230 439 2268 in
471 2239 641 2268 canone
673 2230 804 2269 huius
837 2229 1003 2280 speculi
1027 2232 1307 2280 requirantur.
1334 2230 1428 2270 Deo
1450 2235 1635 2282 gracias.
1660 2232 1844 2283 Explicit
1866 2232 1949 2270 hoc
1980 2243 2076 2283 spe-

200 2286 347 2326 culum
381 2286 700 2327 sacerdotum«

337 2355 364 2396 f.
403 2353 674 2396 165'²—2GOb
704 2356 860 2409 (titulus
891 2360 932 2395 in
964 2359 1087 2395 fronte
1120 2360 1301 2406 evulsus)
1347 2358 1542 2399 Antonii
1571 2358 1827 2400 Januensis
1860 2359 1953 2398 ord.
1987 2371 2075 2398 ere-

198 2415 288 2453 mit.
320 2425 357 2454 s.
389 2414 499 2465 Aug.
532 2413 669 2455 Liber
699 2414 952 2466 figurarum
985 2414 1245 2455 moralium.
1282 2417 1592 2457 »Abstinencia
1617 2418 1746 2457 bona.
1780 2416 1959 2468 Castigo
1982 2428 2074 2457 cor-

198 2482 284 2523 pus
314 2482 486 2511 meum«
525 2474 565 2508 ><
602 2472 812 2524 »Explicit
842 2473 947 2512 liber
978 2472 1215 2524 figurarum
1263 2475 1319 2514 ab
1353 2475 1577 2515 Anthonio
1625 2478 1899 2527 compositus
1946 2474 2074 2515 fratre

197 2529 544 2570 heremitarum«
580 2528 784 2582 Sequitur
815 2531 947 2571 index
979 2534 1021 2571 in
1053 2531 1140 2571 fine
1178 2543 1377 2572 mancus.

337 2600 540 2648 Operculis
573 2601 747 2648 adligata
777 2607 870 2639 sunt
911 2603 1126 2648 fragmenta
1173 2605 1380 2640 cuiusdam
1429 2605 1577 2641 codicis
1626 2607 1839 2644 membran.
1887 2605 2072 2645 hebraici.

196 2657 436 2696 Intrinsecus
467 2660 640 2706 operculi
671 2661 884 2707 superioris
917 2665 1095 2697 notatur:
1135 2661 1270 2698 »Liber
1301 2663 1528 2699 monasterii
1561 2667 1597 2699 et
1628 2665 1769 2700 domus
1801 2673 1901 2698 nove
1933 2664 2073 2699 tunda-

197 2716 324 2753 cionis
356 2717 417 2753 dei
449 2717 648 2763 genitricis
681 2718 845 2765 virginis
877 2718 999 2755 Marie
1032 2719 1072 2755 in
1103 2718 1298 2756 Borowan
1331 2723 1614 2757 canonicorum
1656 2722 1892 2767 regularium
1925 2731 1957 2760 s.
1990 2721 2073 2756 Au-

194 2776 384 2821 gustini.«
418 2774 565 2811 Deinde
598 2778 723 2812 codex
754 2777 793 2812 in
827 2778 920 2816 bibl.
953 2777 1279 2824 Rosenbergicam
1313 2779 1500 2825 pervenit,
1549 2790 1596 2815 ex
1643 2790 1722 2826 qua
1768 2780 1969 2815 restitutus
2013 2783 2072 2815 est

195 2832 434 2869 monasterio
465 2833 649 2880 praefato,

334 2944 442 2998 290
1020 2947 1058 2997 I.
1099 2948 1158 2997 G.
1198 2949 1278 2997 14.

192 3038 338 3078 chart.
370 3050 413 3079 a.
446 3038 674 3081 1415-17
703 3040 752 3093 ff.
786 3040 885 3090 190,
916 3041 969 3081 21
977 3042 1153 3082 ·5><15
1200 3054 1283 3083 cm.
1331 3043 1390 3082 ab
1420 3055 1506 3083 uno
1549 3042 1703 3083 scriba
1732 3043 1943 3096 (Lipkone
1969 3045 2065 3096 ple-

196 3094 314 3136 bano
335 3097 382 3136 in
413 3095 680 3150 Gistebnicz)
710 3101 942 3142 exaratus.

333 3177 358 3216 f.
399 3175 559 3217 1—52b
588 3173 821 3220 Johannis‘
854 3180 910 3219 de
940 3179 1075 3230 Misa,
1137 3180 1351 3221 canonici
1393 3180 1656 3232 Pragensis,
1718 3182 1776 3221 ad
1806 3181 1848 3221 d.
1880 3181 2066 3222 Cunath

192 3234 367 3275 dictum
394 3234 560 3286 Capler
582 3236 657 3289 (de
687 3237 907 3288 Sulevic),
939 3238 1202 3279 tabularum
1231 3238 1364 3290 regni
1394 3239 1612 3280 Boemiae
1634 3250 1905 3290 supremum
1937 3243 2066 3280 nota-

1102 3387 1162 3419 127
