2476 3782
1237 303 1318 343 207

496 442 523 482 s.
556 440 803 483 51b—1162
839 442 1013 494 »Incipit
1043 453 1170 493 opus,
1218 442 1336 493 quod
1382 441 1614 481 intitulatur
1658 439 1850 480 Summa
1895 441 2209 478 recreatorum«

350 499 546 547 (inferius
578 503 821 551 corrigitur:
854 499 1232 549 recreacionum).
1266 498 1391 550 Opus
1424 499 1610 537 divisum
1643 501 1710 536 est
1741 500 1782 536 in
1805 497 1832 535 5
1855 499 2075 543 tractatus,
2108 505 2214 546 quo-

353 568 447 596 rum
480 560 644 608 primus
682 561 792 608 »agit
823 558 876 597 de
909 561 1092 598 curiosis
1125 559 1424 597 conviviorum
1448 555 1764 607 questionibuS‚
1798 553 2022 594 secundus
2055 553 2109 592 de
2131 555 2213 592 esi-

353 615 498 654 bilium
531 621 573 654 et
603 615 853 666 potabilium
885 618 1049 655 naturis
1081 619 1123 655 et
1169 614 1459 666 qualitatibus,
1506 615 1664 653 tercius
1708 612 1760 651 de
1809 614 2109 663 requisitorum
2158 610 2215 650 ad

351 675 599 712 convivium
631 675 760 712 variis
792 673 1135 724 proprietatibus,
1169 675 1347 724 quartus
1366 672 1418 711 de
1439 670 1637 710 iocundis
1654 671 1859 722 hystoriis
1878 673 1920 709 et
1935 668 2214 715 carminibus,

352 732 529 780 quintus
561 730 614 769 de
645 733 850 770 virtuosis
881 731 1091 781 exemplis
1124 734 1166 770 et
1195 730 1401 781 legibus«
1438 728 1549 769 Cum
1581 739 1694 779 opus
1726 728 1808 767 hoc
1832 727 2022 779 undique
2054 728 2216 777 compi-

351 787 484 826 latum
518 790 584 834 sit,
618 799 774 839 operae
807 791 989 839 pretium
1022 788 1125 828 duxi
1157 790 1332 827 maioris
1365 787 1539 838 quidem
1572 788 1779 825 momenti
1822 788 1965 836 partes
1999 783 2215 835 quasdam

353 847 585 896 separatim
618 857 857 885 recensere.
890 846 935 886 In
967 849 1149 885 tractatu
1183 848 1302 885 tertio
1335 847 1566 884 occurrunt
1597 846 1781 895 primum
1813 846 1873 891 (in
1906 842 1933 882 f.
1968 841 2041 890 70)
2087 840 2217 882 »Pre-

354 906 488 952 cepta
518 903 573 942 de
605 902 776 954 regulis
813 903 1027 943 sanitatis
1065 903 1216 954 quoad
1236 913 1447 942 mensam
1468 900 1774 949 versificata«,
1797 903 1839 939 in
1862 903 2044 940 tractatu
2064 901 2216 951 quarto

354 961 397 999 hi
428 971 608 999 versus:
640 959 905 1011 Disputatio
937 961 1033 1000 vini
1065 972 1169 1001 cum
1201 971 1320 1011 aqua
1350 960 1395 1008 (f.
1428 959 1516 1007 87),
1550 958 1800 999 Altercatio
1830 969 1967 998 rosae
1999 961 2045 998 et
2066 957 2217 997 violae

358 1017 402 1064 (f.
436 1017 523 1066 89),
559 1017 623 1057 De
655 1019 815 1058 vernali
848 1019 959 1058 laeta
994 1018 1262 1058 »floricionffl
1299 1017 1344 1065 (f.
1379 1017 1466 1065 90),
1500 1016 1564 1056 De
1598 1017 1889 1068 praelatorum
1920 1018 2039 1055 varia
2069 1015 2216 1055 condi-

356 1077 479 1114 cione
512 1075 557 1123 (f.
590 1075 678 1124 91),
716 1075 807 1116 »De
839 1075 1079 1116 cuiusdam
1121 1075 1322 1116 civitatis
1355 1074 1633 1126 (Erfordiae)
1671 1075 1831 1114 iocosa
1873 1072 2214 1124 descripeione«

353 1132 398 1179 (f.
432 1132 507 1181 92)
536 1156 594 1161 —-
625 1136 696 1184 qui
727 1145 884 1173 versus
917 1137 1075 1185 sumpti
1109 1138 1211 1173 sunt
1242 1145 1264 1172 e
1297 1135 1485 1172 carmine
1517 1132 1687 1172 occulti
1717 1131 1920 1171 auctoris
1951 1130 2129 1171 Nicolai
2163 1130 2218 1170 de

353 1189 502 1235 Bibra,
535 1192 652 1242 quod
685 1191 798 1231 edid.
831 1191 980 1231 Hosser
1012 1203 1065 1230 ex
1097 1193 1179 1230 alio
1211 1191 1361 1230 codice
1394 1194 1544 1230 nostro
1591 1202 1627 1230 a.
1682 1189 1802 1234 1861,
1836 1189 1914 1228 sed
1947 1189 2083 1228 multo
2126 1199 2219 1228 cor-

357 1251 515 1287 rectius
546 1249 619 1287 Th.
653 1248 830 1288 Fischer
860 1252 901 1288 in
934 1248 1366 1300 Geschichtsquellen
1400 1248 1476 1286 der
1498 1248 1678 1287 Provinz
1701 1246 1936 1287 Sachsenl
1975 1246 2052 1286 Bd.
2096 1245 2215 1286 1870.

354 1306 399 1345 In
430 1305 516 1345 fine
549 1309 691 1357 operis
723 1307 980 1346 rubricatur:
1020 1306 1296 1358 »Completus
1328 1310 1395 1345 est
1416 1306 1518 1344 liber
1541 1306 1623 1344 sub
1655 1317 1692 1345 a.
1727 1306 1766 1343 d.
1794 1304 1904 1344 1412
1947 1304 1984 1342 V
2021 1304 2095 1343 fer.
2119 1307 2220 1355 post

355 1362 438 1402 Viti
470 1374 553 1414 per
582 1363 852 1404 Heinrieum
883 1365 938 1404 de
970 1363 1313 1416 Geylnhusen«.
1365 1363 1502 1411 (Idem
1535 1374 1647 1414 opus
1679 1366 1931 1402 asservatur
1960 1365 2069 1401 inter
2099 1361 2216 1401 codi-

357 1432 431 1460 ces
463 1421 680 1461 Palatinos
712 1421 1082 1461 Vindobonenses
1115 1423 1197 1461 sub
1243 1433 1360 1461 num.
1394 1420 1537 1472 5371).

498 1502 524 1542 s.
564 1502 811 1542 1162—168
869 1501 1096 1554 (Gualteri
1129 1501 1328 1553 Burlaei)
1360 1501 1600 1541 Tractatus
1632 1501 1686 1540 de
1707 1500 1805 1540 vita
1827 1503 1873 1540 et
1895 1500 2100 1540 moribus
2121 1498 2219 1550 phi-

353 1559 658 1610 losophorum
690 1565 901 1600 veterum
931 1563 976 1609 (a
1005 1559 1184 1599 Thalete
1216 1571 1355 1610 usque
1388 1560 1444 1599 ad
1476 1559 1734 1606 Boethium).

498 1640 525 1680 f.
565 1639 835 1680 1692—1721’
867 1643 1076 1690 (anepigr.)
1106 1639 1325 1680 Planctus
1357 1640 1395 1679 b.
1429 1639 1612 1679 Mariae.
1652 1638 1785 1690 »Quis
1818 1639 1937 1678 dabit
1967 1641 2094 1690 capiti
2116 1648 2216 1677 meo

355 1709 540 1749 aquam«
578 1701 619 1735 ><
660 1703 727 1737 »tu
760 1702 820 1738 sis
853 1699 1079 1738 benedicta
1110 1702 1151 1737 et
1182 1699 1369 1748 gloriosa
1399 1700 1518 1748 virgo
1551 1700 1592 1736 in
1635 1704 1829 1736 eternum
1877 1700 1918 1736 et
1963 1697 2072 1736 ultra
2119 1707 2218 1735 cum

356 1755 461 1794 Jesu
492 1755 578 1795 filio
611 1760 699 1804 tuo,
733 1760 804 1807 qui
835 1768 935 1796 cum
967 1760 1084 1807 patre
1116 1760 1221 1795 etc.‹

497 1824 524 1864 f.
564 1822 665 1864 172b
688 1825 834 1864 -1772
864 1824 1078 1865 Manuale
1109 1825 1148 1867 b.
1171 1824 1427 1872 Augustini.
1466 1823 1705 1875 »Quoniam
1730 1826 1771 1862 in
1794 1824 1937 1862 medio
1961 1823 2215 1875 laqueorum

357 1884 484 1932 positi
516 1893 696 1921 sumus«
733 1884 776 1921 ><
811 1886 884 1922 »ut
913 1894 1055 1922 amem
1089 1882 1219 1921 deum
1251 1893 1440 1921 meum«.

498 1950 525 1990 f.
565 1951 838 1992 17721--—180a
869 1952 913 1991 S.
946 1951 1199 1991 Bernhardi
1228 1950 1448 1990 Formula
1478 1952 1702 1991 honestae
1724 1950 1859 1990 vitae.
1893 1949 2144 2001 (Exemplar
2174 1953 2221 1989 ut

357 2008 525 2047 videtur
556 2012 794 2058 mancum).

498 2077 524 2118 f.
568 2078 838 2118 1808-190ξι
866 2077 1150 2129 Excerptum
1186 2078 1279 2118 »Ex
1308 2077 1517 2128 horlogio
1549 2077 1702 2118 anime
1733 2076 1997 2129 (Susonis?)
2043 2076 2222 2128 qualiter

362 2133 560 2174 Christus
590 2138 635 2175 in
668 2139 941 2175 sacramento
973 2136 1216 2175 ewkaristie
1250 2138 1305 2174 sit
1337 2136 1491 2175 devote
1524 2136 1823 2186 recipiendus«
1858 2134 2097 2186 (Sapientia
2117 2145 2218 2174 cum

363 2192 574 2243 discipulo
607 2192 900 2245 colloquitur).
934 2193 1058 2245 Opus
1089 2196 1252 2233 incuria
1284 2194 1450 2232 scribae
1481 2193 1760 2232 inconditum.

501 2273 527 2313 f.
567 2273 837 2314 19021-—201a
869 2273 1116 2314 Orationes
1148 2276 1187 2314 b.
1221 2273 1481 2325 Augustini.
1510 2273 1719 2313 »Domine
1743 2274 1853 2313 deus
1876 2284 2026 2313 meus‹
2049 2275 2094 2312 ><
2113 2275 2222 2314 »nisi

356 2333 399 2370 in
434 2342 561 2370 cruce
597 2332 760 2371 domini
790 2335 874 2371 mei
905 2331 940 2372 J.
973 2331 1087 2380 Chr„
1122 2335 1193 2383 qui
1227 2344 1327 2371 cum
1360 2336 1478 2383 patre
1510 2338 1615 2372 etc.«

499 2412 526 2452 f.
561 2411 835 2452 {goia—2032
872 2412 1017 2452 Oratio
1048 2416 1196 2464 incip.:
1242 2413 1376 2465 »Quis
1408 2424 1477 2452 me
1509 2413 1841 2453 consolabitur.«

499 2481 525 2521 f.
560 2481 835 2521 203ὓῑ-2Ο4ει
868 2481 932 2521 De
967 2482 1242 2533 indulgentiis
1274 2482 1536 2534 apostolicis,

501 2561 529 2601 f.
565 2561 671 2602 2042
702 2563 951 2602 Admonitio
984 2563 1223 2602 sacerdotis
1255 2565 1437 2602 missam
1469 2563 1649 2614 legentis
1680 2562 1947 2603 versificata:
1985 2563 2224 2604 »Presbiter

358 2618 414 2658 ad
446 2622 631 2659 missam
663 2631 852 2671 pergens
883 2620 996 2659 hanc
1028 2623 1194 2671 respice
1225 2620 1447 2660 formam«

501 2700 528 2739 f.
563 2699 837 2739 205ἃ-208α
869 2699 1166 2739 Constantini
1195 2699 1487 2750 imperatoris
1519 2699 1698 2741 litterae
1740 2701 1797 2740 ad
1837 2701 2112 2743 Silvestrem
2141 2713 2222 2754 pa-

359 2768 466 2807 pam
497 2757 795 2797 donationem
825 2756 1006 2807 imperii
1036 2761 1367 2798 concernentes
1402 2781 1451 2785 -
1487 2761 1806 2809 suppositiciae.

502 2838 529 2877 f.
563 2835 836 2895 208ῡ--2ᾏ1ἃ
866 2838 974 2878 Vita
1004 2849 1039 2878 s.
1075 2837 1288 2889 Dionysii
1318 2838 1631 2889 Areopagitae.

503 2920 546 2956 In
578 2920 702 2955 fronte
734 2920 758 2957 f.
794 2916 869 2956 92b
901 2921 1068 2956 occurrit
1100 2925 1192 2955 nota
1224 2931 1340 2956 manu
1388 2921 1589 2957 recentiori
1637 2922 1780 2966 addita,
1828 2924 1896 2958 sed
1942 2925 2154 2970 prohdolor
2201 2936 2224 2961 a

360 2978 524 3013 barbaro
556 2979 726 3023 quodam
759 2979 915 3014 abscisa
961 2979 1040 3014 folii
1087 2978 1277 3024 particula
1322 2979 1524 3024 paululum
1571 2980 1760 3024 mutilata,
1811 2991 1857 3015 ex
1905 2993 1982 3027 qua
2027 2982 2225 3028 colligitur

359 3038 479 3069 metra
510 3035 713 3080 sequentia
730 3040 885 3082 sumpta
901 3046 986 3071 esse
1005 3046 1052 3071 ex
1068 3036 1165 3071 libro
1197 3034 1362 3071 Occulti.
1396 3035 1472 3071 Sed
1489 3040 1636 3082 praeter
1666 3038 1740 3072 hoc
1762 3043 1985 3084 excerptum
2007 3041 2121 3076 etiam
2145 3041 2223 3077 alia

360 3090 560 3128 Carmina
591 3092 852 3128 scholarium
882 3092 1130 3139 vagantium
1162 3093 1306 3127 ibidem
1337 3094 1559 3131 recitantur.
1592 3094 1635 3129 In
1667 3095 1787 3130 fronte
1810 3095 1835 3131 f.
1864 3097 1879 3131 1
1908 3101 2085 3133 notatur:
2125 3097 2223 3134 »Iste

358 3149 456 3185 liber
486 3153 544 3184 est
576 3154 727 3195 emptus
759 3161 827 3196 pro
859 3151 912 3186 48
946 3162 1000 3196 gr.
1034 3161 1101 3196 per
1120 3149 1271 3185 Petrum
1294 3149 1485 3186 Cremsier
1506 3151 1694 3188 dictum«.
1727 3152 1873 3188 Deinde
1897 3156 2022 3190 codex
2044 3155 2222 3192 biblioth.

360 3206 681 3298 Rosinbergicae,
727 3212 923 3253 postremo
970 3212 1139 3244 monast.
1186 3206 1446 3244 Tfebonensis
1493 3208 1575 3245 fuit.
1624 3208 1679 3245 Cf.
1723 3208 1888 3246 Vbstnik
1934 3200 1978 3248 C.
2018 3213 2065 3249 A.
2116 3213 2222 3250 1898

360 3275 398 3310 p.
469 3264 504 3300 5.

1270 3410 1313 3442 78
