2476 3782
1265 285 1349 325 535

374 423 564 462 doctoris
606 420 719 461 Brod
767 425 955 463 tractans
997 423 1050 462 de
1090 427 1490 464 communieacione
1533 424 1615 463 sub
1647 428 1827 475 utraque
1861 425 2043 474 specie«
2089 420 2231 470 (Edid.

374 479 511 520 Hardt
542 478 603 525 ΙΙΙ,
634 479 720 518 416
752 482 836 531 sq.)
2227 496 2229 499 ·

518 536 545 575 Ι.
580 535 793 576 718-93Β
824 539 964 586 (rubr.)
998 538 1172 590 »Incipit
1201 538 1442 578 'tractatus
1474 549 1590 590 mag.
1622 537 1799 579 Nicolai
1841 537 1896 577 de
1938 535 2111 576 Drazna
2152 537 2234 584 (sic

376 606 453 646 pro
486 590 716 645 Draid'an)
762 594 817 635 de
868 595 1294 636 communicacione
1342 597 1427 636 sub
1459 599 1652 647 utraque
1685 596 1852 646 specie.
1886 597 2059 643 (atram.)
2092 593 2234 633 Prima

376 652 612 692 conclusio.
646 650 846 692 Christus
877 657 978 704 post
1008 665 1186 693 cenam«
1223 655 1263 691 ><
1310 655 1418 694 »hoc
1450 655 1504 693 ibi
1537 654 1773 694 concordat
1805 663 1936 703 supra
1966 655 2008 692 in
2038 652 2067 691 4
2097 655 2172 691 art.
2205 650 2232 690 5

375 710 694 749 conclusione«
746 709 992 761 (Tractatus
1023 711 1092 751 hic
1123 711 1239 763 apud
1271 711 1408 751 Hardt
1438 712 1499 760 III,
1531 711 1615 751 586
1647 723 1711 762 sq.
1744 711 1982 750 attribuitur
2011 709 2071 750 Μ.
2101 708 2234 750 Jaco-

375 766 531 818 bello).

513 824 542 864 Ι.
574 823 785 863 93a—94a
822 824 1190 867 »Condemnacio
1223 825 1406 866 concilii
1446 825 1822 867 Constantiensis
1868 823 2233 876 (communionis

377 882 463 922 sub
495 881 710 933 utraque)
740 880 839 922 XV.
872 883 989 923 iunii
1019 894 1058 924 a.
1094 882 1246 924 1415«.
1278 884 1455 932 (ibidem
1488 896 1526 935 p.
1559 884 1642 924 647
1677 887 1762 935 sq.)

521 939 548 979 Ι.
581 938 796 978 942—98‘2
829 939 907 991 (M.
951 941 1192 993 Jacobelli)
1231 941 1472 982 Tractatus
1505 943 1560 982 de
1592 941 1815 993 sanguine
1848 952 1932 981 seu
1964 943 2126 980 contra
2166 939 2234 979 in-

372 997 671 1038 vocationem
687 997 863 1038 brachii
878 999 1147 1039 saecularis.
1183 998 1407 1048 »Nescitis,
1440 1002 1564 1039 cuius
1597 1002 1771 1051 spiritus
1804 1002 1932 1038 estis«
1972 1001 2011 1035 ><
2057 999 2162 1037 »illic
2194 1001 2236 1037 et

375 1057 569 1094 minister
598 1065 724 1094 meus
757 1058 844 1096 erit.
877 1057 1031 1096 Amen.
1064 1057 1204 1106 (rubr.)
1244 1057 1427 1107 Explicit
1457 1060 1663 1096 tractatus
1696 1061 1884 1097 tractans
1907 1057 1960 1095 de
1993 1058 2232 1106 sanguine«

375 1113 553 1162 (ibidem
586 1124 625 1163 p.
658 1111 743 1151 648
779 1116 876 1164 sq.).

520 1170 548 1211 Ι.
579 1167 821 1209 998-142ὓ
854 1171 972 1222 Mag.
1003 1171 1184 1212 Nicolai
1214 1172 1269 1212 de
1303 1171 1446 1212 Drazn
1477 1176 1609 1221 (recte
1640 1168 1870 1220 Draidan)
1900 1171 2143 1212 Tractatus
2175 1170 2232 1210 de

375 1239 534 1270 usura.
569 1227 744 1278 »Incipit
773 1232 980 1268 tractatus
1011 1233 1201 1269 tractans
1233 1230 1287 1268 de
1317 1240 1463 1269 usura.
1512 1228 1691 1281 Species
1737 1241 1868 1269 usure
1901 1233 2003 1269 sunt
2043 1229 2153 1269 due«
2189 1229 2233 1266 ><

379 1286 616 1325 »audacius
648 1286 776 1336 loqui.
810 1286 902 1326 Hec
934 1291 1079 1326 autern
1110 1287 1166 1326 ad
1197 1298 1380 1338 presens
1413 1287 1526 1327 dicta
1557 1287 1787 1327 sufficiant.
1820 1287 2004 1338 Explicit
2025 1290 2233 1327 tractatus

377 1355 489 1394 mag.
522 1342 684 1382 Nicolai
716 1343 770 1383 de
801 1343 947 1384 Drazn
979 1348 1168 1384 tractans
1201 1345 1254 1384 de
1286 1356 1458 1384 usura«

519 1401 547 1440 Ι.
585 1397 851 1441 14212—146a
892 1404 988 1451 (alia
1033 1402 1170 1454 manu)
1216 1402 1398 1454 (Jacobi
1444 1402 1499 1442 de
1544 1402 1684 1453 Misa)
1725 1402 1965 1442 Tractatus
2011 1402 2067 1442 de
2114 1413 2234 1442 com-

377 1458 596 1498 munione
638 1458 867 1508 spirituali
913 1460 1241 1500 sacramentali
1282 1460 1460 1511 integra
1500 1461 1586 1500 sub
1633 1459 1802 1510 duplici
1844 1459 1994 1500 forma
2023 1459 2157 1511 panis
2190 1463 2236 1499 et

374 1516 475 1556 vini
507 1516 887 1557 communitatem
927 1518 1131 1568 plebium
1162 1521 1481 1558 concernente.
1519 1517 1742 1558 »Salvator
1773 1521 1920 1557 noster
1945 1550 1954 1558 .
1982 1551 1989 1558 .
2018 1549 2026 1558 .
2051 1521 2093 1557 in
2126 1529 2236 1557 cena

375 1576 755 1683 ἓυεὲἓοκὲἰεέἰιῐῐέωι
792 1576 834 1612 ><
881 1578 1161 1626 »sanguinem
1204 1577 1287 1615 sub
1329 1575 1468 1615 forma
1497 1579 1624 1617 vini.«
1670 1575 1752 1627 (De
1784 1579 1959 1615 auctore
1991 1575 2043 1615 cf.
2077 1575 2173 1615 cod.
2206 1575 2232 1615 Ι.

520 1691 643 1727 Vetus
676 1693 775 1738 sign.
808 1692 848 1737 F,
883 1694 921 1729 9.

514 1803 623 1856 535
971 1805 1065 1853 III.
1107 1805 1166 1853 G.
1204 1806 1285 1854 10.
1319 1815 1378 1857 (Y.
1403 1816 1450 1848 ΙΙ.
1475 1818 1508 1849 5.
1534 1826 1567 1848 n.
1592 1817 1664 1856 38.)

369 1865 521 1938 ’chara
553 1909 596 1937 a.
627 1897 741 1938 1397
756 1897 817 1951 ff.
850 1898 934 1938 142
963 1910 1101 1947 num„
1131 1898 1292 1939 21·5><
1318 1898 1378 1939 15
1407 1911 1489 1939 cm.
1522 1900 1550 1939 2
1579 1911 1639 1938 m.

524 1977 552 2018 Ι.
590 1974 719 2016 1—4b
752 1977 1044 2030 Quaestiones
1076 1979 1402 2030 philosophicae
1434 1981 1589 2019 variae.

521 2035 548 2076 Ι.
580 2033 767 2074 5²0²—3Ob
801 2035 1008 2088 (anepigr.)
1038 2036 1267 2077 Johannis
1288 2036 1449 2077 Wiclif
1464 2039 1689 2077 tractatus
1713 2038 1768 2077 de
1791 2037 1984 2077 materia
2005 2041 2050 2077 et
2068 2036 2235 2078 forma.

382 2092 518 2133 »Cum
565 2095 744 2132 materia
783 2097 825 2133 et
864 2094 1004 2134 forma
1042 2097 1128 2134 sint
1157 2095 1441 2134 universalia«
1476 2095 1519 2131 ><
1564 2096 1774 2146 »aliquam
1819 2098 2063 2135 essenciam
2095 2099 2235 2146 preter

378 2147 549 2192 deum«
583 2150 724 2201 (Edid.
758 2150 996 2191 Dziewicki
1027 2164 1067 2203 p.
1105 2151 1183 2192 163
1216 2174 1271 2180 —-
1302 2151 1355 2191 cf.
1387 2156 1535 2192 notam
1566 2152 1706 2203 infra.)

521 2207 548 2249 Ι.
581 2206 797 2248 318-691)
829 2208 1050 2250 Eiusdem
1094 2209 1334 2250 Tractatus
1376 2210 1431 2250 de
1469 2213 1693 2260 tempore.
1739 2210 2009 2262 »Capitulum
2050 2213 2234 2261 primum

379 2266 669 2317 supponendo
703 2270 874 2318 tempus
906 2279 1007 2306 esse
1039 2267 1250 2307 declarat«
1287 2269 1330 2304 ><
1377 2267 1696 2307 »subtrahendo
1727 2268 1782 2308 ab
1814 2280 1867 2308 eo
1899 2270 2112 2308 oracionis
2143 2267 2234 2308 suf-

377 2323 549 2374 fragia«

522 2381 550 2420 Ι.
583 2379 825 2420 702—10412
870 2381 1091 2422 Eiusdem
1136 2382 1376 2423 Tractatus
1422 2383 1477 2422 de
1522 2383 1880 2423 universalibus.
1928 2383 2138 2423 »Libellus
2180 2383 2234 2423 de

378 2439 695 2478 universalibus
727 2442 917 2479 continet
952 2439 1002 2479 15
1034 2451 1153 2491 cap«
1190 2440 1233 2478 ><
1268 2443 1335 2479 »et
1376 2444 1439 2480 sic
1480 2442 1665 2492 loquitur
1704 2438 1751 2480 4⁰
1782 2441 1932 2492 phisic.
1966 2444 2148 2481 tractatu
2179 2440 2233 2481 de

378 2499 583 2547 tempore,
616 2496 733 2547 quod
764 2496 878 2536 idem
911 2501 1015 2536 est«

522 2553 549 2593 f.
601 2552 869 2594 105a-1ffib
900 2554 1120 2594 Eiusdem
1160 2554 1412 2605 Replicatio
1454 2555 1509 2595 de
1553 2556 1896 2596 universalibus
1961 2557 2235 2597 »Presentem

378 2611 641 2662 agrediendo
673 2612 968 2662 replieacionis
1001 2615 1247 2652 materiam«
1285 2613 1336 2663 ><
1374 2624 1478 2652 »nec
1511 2613 1707 2664 depictus
1739 2619 1807 2654 est
1839 2626 1926 2654 rex.
1958 2615 2142 2666 Explicit
2173 2625 2236 2654 re·

379 2671 556 2720 plicacio
599 2669 653 2708 de
701 2670 1030 2718 universalibus,
1074 2681 1204 2721 quarn
1247 2673 1282 2709 si
1324 2673 1421 2721 quis
1452 2671 1562 2710 bene
1594 2676 1880 2722 conspexerit,
1911 2673 2071 2712 videbit
2101 2673 2236 2712 multo

379 2727 577 2766 meliores
623 2729 821 2767 raciones
867 2739 942 2779 pro
984 2728 1149 2767 eisdem
1196 2739 1327 2778 quarn
1370 2731 1519 2767 contra
1559 2730 1724 2777 eadem,
1768 2733 1901 2780 prime
1933 2733 2046 2770 enim
2079 2730 2236 2770 directe

379 2784 634 2834 procedunt,
668 2786 747 2824 alie
778 2796 881 2824 vero
914 2797 1013 2824 cum
1046 2788 1261 2825 extraneis
1294 2786 1682 2826 cavillacionibus.«
1709 2787 1805 2838 (Ed.
1830 2787 2065 2828 Dziewicki
2087 2800 2127 2839 p.
2156 2786 2235 2827 129

380 2853 431 2892 sq
477 2865 534 2869 —-
564 2842 614 2881 cf.
646 2846 794 2881 notam
826 2842 967 2894 infra.)

523 2898 550 2938 f.
589 2899 858 2939 1178--118Ιι
890 2900 1182 2951 Quaestiones
1215 2901 1556 2951 philosophicae.

523 2956 549 2996 f.
588 2955 856 2996 lma—1371>
887 2958 1116 2998 Johannis
1146 2957 1308 2998 Wiclif
1342 2957 1583 2998 Tractatus
1615 2960 1670 2999 de
1702 2960 1832 3001 ideis.
1879 2959 2150 3000 »Tractando
2182 2959 2235 2999 de

380 3014 506 3064 ydeis
539 3017 675 3064 primo
707 3018 876 3065 oportet
906 3027 1109 3066 querere«
1145 3015 1196 3066 ><
1233 3018 1454 3054 »creatura
1485 3016 1615 3055 habet
1644 3017 1803 3068 ydeam
1837 3021 2050 3069 propriam
2073 3021 2115 3057 in
2138 3017 2235 3057 deo.

379 3071 566 3121 Explicit
595 3075 802 3111 tractatus
835 3073 887 3111 de
918 3073 1045 3123 ydeis
1071 3105 1079 3113 .
1107 3105 1115 3113 .
1143 3103 1153 3112 .
1188 3084 1228 3111 a.
1268 3073 1307 3113 d.
1345 3070 1453 3112 1397
1484 3072 1633 3113 finitus
1665 3079 1732 3114 est
1763 3076 1865 3115 liber
1896 3079 1975 3115 iste
2007 3079 2050 3116 in
2081 3075 2154 3115 fer.
2187 3074 2237 3115 III

380 3132 479 3167 ante
511 3132 783 3168 ascensionis
810 3162 819 3170 .
846 3162 854 3169 .
882 3161 890 3170 .
915 3142 954 3181 g.
988 3131 1029 3170 b.
1062 3142 1128 3181 q.«

524 3185 550 3225 f.
589 3185 858 3226 13821—-142b
900 3187 1146 3235 (Johannis
1186 3187 1287 3226 Hus
1304 3186 1341 3238 ?)
1384 3187 1607 3239 Quaestio
1659 3193 1837 3230 »utrum
1878 3190 2070 3232 materia
2115 3201 2238 3231 nunc

379 3243 467 3282 sub
498 3254 591 3282 una
621 3243 770 3284 forma
801 3245 1103 3285 substanciali
1126 3248 1170 3285 et
1191 3256 1314 3284 nunc
1336 3247 1422 3285 sub
1444 3246 1533 3286 alia
1554 3246 1764 3287 existens
1783 3248 1846 3288 sit
1866 3249 2104 3289 informis«
2140 3247 2236 3298 (sed
2319 3267 2322 3270 ·

1275 3392 1341 3426 212
